1897 3072
528 156 587 195 ΙΙ.
625 158 663 194 2.
729 166 981 193 DEMINUTIO
1006 163 1288 192 BRITANMCA.
1605 149 1684 187 303

138 270 328 310 tudinem
362 268 505 322 lapsus
543 283 650 316 sum,
685 267 840 306 femora
876 279 968 304 mea
1004 264 1166 311 clauda,
1200 262 1369 303 brachia
1405 276 1498 301 mea
1534 261 1686 301 siccata

137 343 254 393 sunt)
282 343 375 388 168,
405 345 441 379 7.
471 343 508 379 ὃ.

594 469 886 509 Flexiones
927 467 1221 507 anomalae.

252 585 361 624 Sunt
383 598 516 637 pauca
535 583 739 636 quaedam
761 579 1022 622 substantiva
1045 579 1088 618 in
1111 579 1256 632 quovis
1278 593 1453 620 numero
1475 580 1683 634 propriam

138 655 311 694 somnam
333 653 589 693 exhibentia.

252 734 550 775 Cambrica.
587 734 707 787 Sing.
733 734 785 782 οἱ,
812 734 858 773 kz?
888 732 1038 785 (canis)
1062 731 1178 771 Mab.
1204 731 1280 783 sq„
1315 731 1425 784 plur.
1461 746 1553 780 cem,
1580 732 1680 781 lewe,

139 821 240 853 own,
267 805 361 844 lemn
384 805 486 857 Leg.
517 808 552 842 1.
581 809 619 843 5.
647 809 693 851 53
726 808 788 842 11.
816 803 932 842 Mab.
957 805 995 849 2,
1024 804 1089 839 22.
1119 804 1213 839 239.
1242 803 1337 840 241.
1374 800 1538 840 Defecit
1559 802 1685 842 etiam

136 890 159 915 r
186 875 231 914 in
259 875 390 913 subst.
417 874 551 913 brawt
580 873 740 926 (frater)
765 873 880 912 Mab.
911 877 956 920 1,
985 876 1051 919 37,
1078 871 1150 910 sed
1180 870 1285 910 redit
1314 869 1359 909 in
1387 871 1497 923 plur.
1534 872 1688 926 broclyr

139 945 253 984 Mab.
282 948 325 991 2,
355 947 449 982 245.
477 947 523 991 3,
553 946 647 983 272.
702 944 739 982 A
771 942 879 995 sing.
915 942 1069 981 claudor
1098 943 1246 993 (soror)
1280 948 1342 980 est
1373 941 1542 993 quidem
1572 942 1683 994 plur.

137 1014 351 1068 chwe'oryd
371 1016 386 1063 (
389 1014 486 1053 hod.
513 1013 774 1068 clezcioryclcl)
798 1013 914 1052 Mab.
944 1016 980 1060 1,
1010 1015 1105 1060 275,
1132 1013 1203 1051 sed
1225 1011 1351 1051 etiam
1383 1011 1546 1052 clm-aer
1568 1014 1683 1052 Mal).

144 1091 178 1134 1,
206 1089 301 1133 248,
327 1092 375 1124 ut
406 1084 528 1124 hodie
550 1099 730 1138 quoque.
777 1083 920 1123 Subst.
958 1087 1061 1122 troet
1090 1083 1214 1135 (pes),
1248 1082 1359 1135 plur.
1387 1088 1494 1122 z‘rccet
1524 1084 1686 1136 (pedes)

139 1155 255 1194 Mab.
281 1154 336 1207 sq.
364 1154 619 1207 singularem
649 1154 892 1193 abnormem
920 1152 1061 1201 habet,
1087 1167 1183 1192 cum
1214 1152 1344 1193 radici
1375 1152 1596 1193 conveniat
1618 1168 1686 1193 vo-

138 1224 237 1263 calis
260 1239 285 1263 (ι
309 1223 490 1275 (hibern.
515 1233 598 1264 vet.
625 1224 750 1277 trccv'q,
778 1223 949 1276 traiyicl,
977 1223 1224 1277 trcte'ytleech,
1250 1238 1292 1276 p.
1321 1225 1378 1275 6).

254 1305 507 1345 Cornica:
544 1305 652 1358 sing.
687 1304 866 1359 brathky
898 1305 1030 1357 (canis
1059 1319 1261 1358 magnus,
1296 1305 1544 1356 molossus),
1574 1305 1683 1357 plur.

140 1374 343 1415 brathlssen
376 1375 580 1427 (molossi)
605 1377 724 1415 Pass.
752 1379 825 1423 65,
854 1378 892 1415 2.
921 1380 988 1423 96,
1017 1380 1054 1415 3.
1101 1376 1274 1414 Formae
1305 1375 1442 1414 braml
1471 1382 1511 1414 et
1541 1375 1689 1415 hrode?-

140 1453 439 1485 enumerantur
475 1445 552 1484 sub
588 1460 674 1484 una
709 1459 807 1484 voce
842 1445 969 1485 frater
1004 1444 1048 1484 in
1079 1446 1236 1485 Vocab.
1282 1445 1510 1485 Cambricis
1547 1445 1688 1485 formis

141 1521 245 1555 troet
272 1522 313 1555 et
344 1520 451 1556 {raet
480 1516 735 1568 respondent
756 1515 943 1555 comicae
967 1521 1077 1569 troya
1101 1517 1210 1568 (pes)
1234 1515 1352 1554 Pass.
1380 1519 1447 1563 46,
1474 1520 1512 1554 4.
1544 1520 1636 1563 179,
1667 1521 1686 1555 3

140 1593 179 1624 et
203 1591 352 1640 troyes,
381 1591 489 1639 treys
517 1586 679 1638 (pedes)
706 1589 770 1633 14,
799 1590 836 1624 3.
864 1590 931 1634 46,
962 1590 997 1623 1.
1030 1590 1122 1633 178,
1150 1590 1188 1624 4.

254 1666 540 1706 Armorica:
568 1666 744 1706 hreader
766 1667 948 1719 (fratres)
972 1666 1085 1705 Buh.
1109 1669 1204 1715 202,
1228 1672 1266 1706 9.
1310 1667 1549 1708 Hodierna:
1577 1669 1684 1722 sing.

142 1737 273 1785 breer,
301 1737 423 1776 brem·
445 1735 621 1787 (frater),
647 1735 757 1788 plur.
784 1737 943 1784 breder,
970 1736 1199 1782 breecclem·‚·
1225 1736 1365 1776 e'lzoar
1386 1740 1550 1787 (soror),
1576 1739 1684 1791 plur.

141 1806 391 1853 e'lzoareset,·
418 1807 541 1846 troad
559 1807 685 1859 (pes),
710 1805 820 1858 plur.
848 1805 969 1845 treid.

687 1951 736 1988 B.
801 1949 1139 1990 Deminutio.

254 2062 589 2103 Terminationes
636 2060 919 2102 deminutivae
960 2063 1219 2103 britannicae
1255 2063 1556 2117 frequentiores
1577 2076 1691 2106 *sunt

142 2148 215 2173 -cm
246 2140 287 2173 et
319 2133 388 2172 —z‘c.
424 2133 508 2172 AN
531 2131 702 2183 (vocalis
734 2139 960 2184 correptae,
986 2147 1071 2172 non
1100 2135 1255 2173 cambr.
1291 2149 1416 2183 -ccun,
1443 2150 1592 2175 armor.
1626 2152 1692 2177 —en

143 2224 199 2236 =
218 2202 383 2242 hibern.
404 2208 487 2241 vet.
514 2202 620 2253 din),
641 2200 796 2240 usitata
817 2208 858 2240 et
879 2201 1002 2241 hodie
1024 2203 1068 2242 in
1090 2204 1296 2243 cambi-ica
1317 2204 1463 2257 lingua
1484 2220 1558 2259 pro
1580 2214 1692 2247 utro-

144 2287 224 2326 que
245 2286 410 2326 genere,
430 2271 519 2324 jam
536 2271 580 2310 in
597 2270 775 2310 vetustis
793 2270 1035 2312 nominibus
1053 2273 1230 2327 propriis
1248 2273 1431 2314 virorum
1449 2276 1584 2325 obvia,
1607 2284 1691 2316 tam

144 2341 360 2382 cambricis
383 2356 509 2394 quam
531 2340 757 2380 armoricis.

259 2423 291 2463 C
306 2422 549 2462 ambrica
578 2435 599 2460 e
621 2421 726 2461 libro
749 2423 962 2462 Landav.:
989 2425 1198 2477 Damam&
1224 2430 1316 2465 149.
1349 2427 1535 2476 Guium,
1567 2429 1692 2468 Cono—

145 2508 222 2533 ecm
251 2498 342 2532 150.
369 2491 582 2532 filardum
610 2496 702 2531 155.
735 2493 907 2532 Gabrcm
935 2497 1027 2533 150.
1054 2495 1301 2536 ΔΠαηαοῆαη
1326 2500 1421 2536 205.

258 2573 540 2613 Armorica
572 2588 594 2612 e
624 2573 877 2614 chartulario
899 2574 1121 2614 Rhedon.:
1157 2577 1334 2617 Lonrcm
1356 2578 1465 2617 Mor.
1495 2583 1589 2618 339.
1614 2579 1694 2618 Ni-

146 2658 246 2691 mm,
273 2644 458 2683 rVemzan
485 2648 521 2692 1,
549 2648 586 2682 3.
622 2644 783 2683 W'a'nan
811 2648 846 2692 1,
875 2647 942 2683 29.
974 2646 1118 2685 Comen
1145 2650 1180 2694 1,
1208 2650 1247 2686 2.
1273 2647 1414 2687 Rz‘san
1441 2652 1475 2695 1,
1507 2653 1570 2687 15.
1595 2650 1693 2687 stla-

147 2713 226 2752 ban
252 2717 288 2760 1,
317 2718 354 2751 7.
388 2713 581 2761 Brooan,
614 2713 816 2753 Broehcm
842 2717 878 2761 1,
910 2718 973 2753 17.
1009 2716 1181 2756 Frccccm
1209 2721 1251 2765 1,
1280 2722 1317 2756 5.
1356 2718 1553 2769 Gecletqcm
1582 2723 1624 2766 1,
1652 2721 1690 2757 2.

156 2784 217 2820 W
214 2782 352 2835 rqz'tan
378 2787 414 2831 1,
442 2787 480 2821 5.
526 2782 731 2822 Πῖοόνίαη
757 2787 794 2831 1,
822 2787 888 2822 38.
922 2785 1145 2834 Breselan,
1171 2786 1394 2826 M‘artinan
1422 2790 1457 2834 1,
1486 2789 1552 2825 24.
1585 2789 1694 2828 Gno-

148 2857 284 2899 retcm,
311 2851 488 2891 Hiclrcm
513 2854 551 2899 2,
582 2856 646 2891 16.
679 2852 883 2902 Tiarnan,
916 2855 955 2893 T
951 2853 1099 2895 iermm
1126 2860 1162 2903 1,
1190 2859 1257 2894 20.
1285 2860 1351 2894 31.
