1897 3072
179 86 261 126 208
335 85 373 124 Ι.
401 86 440 122 2.
485 95 707 123 ooxsoNAE
730 92 1029 121 BRITANNICAE
1052 93 1330 121 INCHOANTES
1353 94 1636 122 PRnnTivAE.

178 198 351 240 rationis
372 195 641 251 regulariter:
679 192 814 235 trimis
838 194 1022 245 (tempus
1045 192 1173 232 trium
1193 192 1421 246 mensium)
1444 195 1560 234 Mab.
1591 199 1626 244 1,
1655 198 1721 234 26.

182 273 250 309 ⁴26.
276 266 493 309 ehu-emeib
512 268 603 319 (sex
624 264 716 313 filii,
745 263 864 317 copia
886 278 958 303 sex
975 263 1176 315 filiorum)
1200 267 1236 311 1,
1259 266 1355 302 235.
1381 263 1610 319 cleweywyr
1636 267 1726 317 (sex

179 340 275 393 viri)
311 344 358 388 3,
387 343 454 377 99.
488 335 741 389 elzweblwycl
777 333 1010 386 (sexennis)
1036 337 1082 382 3,
1111 336 1177 372 32.
1234 332 1316 373 Sed
1348 341 1389 373 et
1426 333 1493 373 hic
1530 334 1723 375 infectio:

182 417 354 465 θρα-ψ’,
370 407 569 461 seitlmcyr
587 408 703 459 (tres,
721 411 881 457 septem
897 403 993 456 viri)
1012 407 1047 452 1,
1065 406 1160 442 282.
1180 407 1217 452 3,
1235 407 1302 443 99.
1329 403 1559 444 Destitutio
1576 405 1729 458 poterit

180 480 312 521 videri
328 477 529 533 regularis
547 478 599 517 ob
615 476 801 516 vocalem
811 473 1006 528 primitus
1019 473 1165 526 procul
1177 473 1303 514 dubio
1314 474 1642 515 intercedentem
1654 475 1725 528 (cf.

182 547 471 604 πεμπέὸουλα
493 547 720 599 Dioscor.),
747 552 880 585 status
911 544 1162 597 originarius
1192 551 1337 584 contra
1358 552 1544 585 servatus
1566 545 1610 585 in
1633 559 1729 599 sup-

180 622 388 677 positione
410 618 541 661 veluti
563 632 649 657 11011
671 616 858 657 obtineat
879 614 1124 668 compositio
1147 615 1218 654 sed
1239 616 1493 656 constructio
1517 617 1587 669 (A.
1609 617 1646 656 Ι.
1670 618 1727 669 3).

296 690 515 733 Praevalet
545 696 679 729 status
711 685 961 740 originarius
993 685 1129 726 adhuc.
1160 685 1205 725 in
1240 686 1442 726 hodierna
1472 687 1618 741 lingua
1645 702 1733 728 non

183 763 319 805 solum
345 768 441 815 post
473 759 530 801 tm·
558 766 599 799 et
627 758 738 798 chwe
770 758 814 797 in
843 756 1037 796 consonis
1071 756 1311 810 expertibus
1344 757 1624 811 aspirationis,
1660 759 1732 798 sed

183 834 309 875 etiam
338 832 383 872 in
424 831 757 885 quibuscumque
787 835 883 881 post
912 827 1145 867 numeralia
1176 827 1298 867 finita
1334 827 1551 868 consonis:
1596 828 1733 869 trimis

183 910 294 958 (tres
324 916 513 950 menses,
547 899 731 954 spatium
769 898 894 938 trium
930 897 1193 949 mensium),
1228 897 1358 952 trihys
1396 898 1553 947 (tribus
1590 898 1732 951 digitis

182 973 411 1029 praeditus,
437 969 753 1027 τριδάκτυλος),
782 968 924 1022 triclyn
958 968 1058 1015 (tres
1088 970 1323 1021 personae),
1350 968 1618 1022 checeywaith
1641 971 1732 1020 (sex

182 1045 358 1092 vicibus,
381 1042 548 1094 sexies),
571 1039 805 1094 teiryzccn'l‘le
825 1038 975 1088 (tribus
994 1038 1187 1089 vicibus),
1208 1037 1513 1091 pedee'ryecm'llz
1534 1041 1733 1092 (quatuor

184 1119 270 1169 v.),
301 1118 508 1168 palmeam
540 1109 814 1164 (quingenti),
851 1108 1010 1149 camnil
1038 1110 1280 1160 (100,000).
1334 1108 1474 1148 Etiam
1509 1116 1603 1162 post
1639 1124 1733 1150 mzw

185 1190 259 1240 (Ξ
280 1200 446 1232 nazccm,
472 1198 514 1237 p.
543 1187 610 1221 54.
641 1182 761 1233 150);
788 1179 1040 1233 namqu-aith
1063 1181 1104 1231 (9
1129 1178 1246 1231 vim),
1272 1185 1467 1219 nawccml
1487 1181 1634 1232 (900);
1661 1180 1733 1219 sed

184 1264 351 1297 contra:
391 1252 629 1307 pumzeaz'lh
667 1253 708 1304 (5
733 1252 818 1304 v.),
860 1249 1068 1291 σιιηῖσαίΐΙι
1096 1251 1195 1302 (100
1219 1253 1307 1302 v.),
1347 1249 1558 1303 sez'tleqcmt
1593 1251 1730 1303 (700),

184 1327 401 1384 wytlzycmt
422 1328 558 1377 (500).

299 1396 494 1439 Cornic
505 1410 527 1435 a
557 1393 771 1447 exempla:
809 1391 1033 1446 terqzceyth
1056 1394 1154 1445 (101)
1178 1392 1296 1431 Pass.
1322 1395 1386 1440 18,
1410 1394 1448 1430 2.
1474 1405 1611 1445 pecmp
1632 1391 1741 1447 myll

186 1469 391 1524 (quinque
411 1466 545 1506 millia
558 1482 567 1513 ;
594 1464 629 1503 si
651 1471 791 1504 tamen
814 1470 912 1503 sunt
935 1462 1179 1516 composita,
1206 1462 1258 1502 cf.
1285 1476 1410 1516 supra
1430 1462 1467 1502 I.
1496 1464 1553 1515 3).

300 1540 339 1579 A
348 1554 368 1578 1·
377 1537 565 1578 morice
597 1534 843 1589 regulariter
865 1540 998 1574 status
1017 1533 1267 1586 originarius
1285 1539 1487 1573 servatus.
1525 1534 1575 1573 In
1595 1532 1732 1572 Buh.:

187 1617 285 1651 cant
301 1625 404 1664 que:
428 1607 622 1660 (centies)
648 1610 714 1655 56,
745 1609 809 1644 13.
836 1607 929 1653 172,
953 1609 991 1644 ἴ).
1038 1605 1090 1644 In
1111 1603 1313 1643 hodierna
1334 1603 1502 1657 lingua:
1532 1602 1738 1658 teirqwee'z

187 1684 302 1733 (ter),
329 1678 593 1733 peclerffleeiz
617 1677 814 1730 (quater),
840 1673 1098 1728 pempqzceiz
1121 1674 1398 1727 (quinquies),
1429 1673 1737 1727 c'lcaec'h9um‘2

189 1751 375 1803 (sexies),
402 1748 628 1802 seizqwev‘z,
654 1745 858 1800 cizqweiz,
885 1743 1109 1799 mcoyweiz,
1135 1744 1358 1798 dekqweiz,
1384 1744 1636 1798 uqentqwe‘e'z
1659 1743 1738 1796 (vi-

187 1822 354 1876 gesies),
384 1817 614 1873 lamtfflceiz
637 1816 846 1870 (centies).

305 1895 343 1931 2.
379 1892 489 1931 Cum
517 1904 642 1943 supra
673 1886 794 1927 dictis
826 1886 922 1938 (sub
947 1886 1001 1925 A.
1028 1886 1064 1926 I.
1093 1891 1134 1939 0)
1165 1884 1542 1939 praepositionibus
1573 1898 1737 1938 compo-

191 1964 269 2003 sita
299 1967 467 2002 servant
498 1972 725 1999 consonam
763 1956 1034 1997 inchoantem
1072 1957 1278 1996 secundae
1310 1956 1421 1996 vocis
1452 1954 1734 2008 originariam.

191 2032 494 2075 Cambrice:
530 2028 669 2070 ractal
697 2027 915 2081 (fronta103
948 2042 969 2067 e
997 2042 1140 2081 praep.
1166 2042 1240 2067 rac
1270 2034 1312 2067 et
1341 2028 1474 2067 subst.
1501 2026 1574 2075 tal,
1606 2025 1738 2078 frons)

192 2105 308 2145 Mab.
334 2103 390 2157 fq.

307 2176 456 2228 Praep.
474 2178 539 2213 tra
551 2174 699 2223 (trans,
714 2172 872 2225 supra),
888 2185 994 2224 quae
1005 2169 1177 2224 ponitur
1190 2169 1316 2210 etiam
1327 2169 1418 2208 1000
1432 2166 1739 2221 conjunctionis

193 2244 446 2300 (quamdiu),
469 2243 656 2297 aspirans
680 2250 826 2282 tenues
849 2248 1084 2295 sequentes,
1106 2255 1191 2281 non
1210 2239 1347 2293 tangit
1363 2247 1518 2279 ceteras
1537 2251 1740 2278 consonas

193 2322 382 2370 expertes
420 2314 683 2368 aspirationis
722 2313 845 2352 hodie
882 2327 1068 2366 quoque:
1112 2311 1340 2365 trabyclzcm
1378 2310 1515 2362 (valde
1548 2309 1736 2362 parvus),

195 2387 319 2429 trada
349 2386 610 2439 (perbonus),
638 2384 829 2437 traqalar
860 2382 1035 2435 (nimius
1066 2382 1195 2430 dolor,
1220 2382 1423 2433 morbus).
1469 2380 1521 2418 In
1553 2384 1741 2418 constru-

195 2458 332 2499 ctione
364 2464 503 2497 tamen
532 2462 627 2509 post
657 2460 723 2494 tra
751 2453 877 2493 etiam
908 2452 1126 2493 destitutio
1158 2450 1278 2491 obvia
1310 2450 1353 2489 in
1386 2450 1520 2497 Mab„
1546 2449 1648 2489 adeo
1680 2462 1740 2488 se-

194 2529 362 2583 quentis
389 2525 526 2568 tenuis
550 2526 617 2577 (C.
643 2525 680 2564 I.
710 2526 793 2577 10).

311 2601 415 2640 Post
435 2596 595 2637 vocales
618 2609 767 2635 vocum
790 2601 870 2643 tra,
896 2593 965 2643 tri,
987 2592 1111 2641 chace,
1133 2607 1173 2641 α,
1194 2606 1259 2640 no,
1281 2606 1337 2631 na
1359 2598 1437 2630 010.
1463 2591 1514 2630 ob
1535 2588 1742 2644 perditam

197 2684 422 2711 consonam
458 2667 699 2714 finientem,
734 2665 800 2704 vel
836 2663 975 2718 potius
1012 2662 1304 2711 assimilatam,
1346 2675 1524 2714 sequens
1560 2673 1743 2700 consona

198 2740 473 2796 supponenda
503 2745 566 2778 est
595 2735 766 2790 duplex,
792 2749 897 2789 quae
930 2733 965 2773 si
986 2741 1048 2773 est
1071 2732 1223 2782 tenuis,
1250 2732 1457 2786 aspiratur
1480 2734 1539 2785 (p.
1570 2733 1682 2781 173),
1709 2729 1743 2769 si

198 2811 333 2852 media
366 2811 431 2851 vel
461 2824 516 2859 m,
543 2814 731 2850 servatur
761 2806 805 2846 in
834 2812 946 2846 statu
975 2803 1198 2859 originario
1221 2805 1281 2857 (p.
1312 2806 1423 2856 132).
1454 2803 1566 2843 ·N0n
1599 2801 1743 2841 eadem
