<?xml version="1.0" encoding="UTF-8"?>
<!DOCTYPE html PUBLIC "-//W3C//DTD XHTML 1.0 Transitional//EN"
    "http://www.w3.org/TR/xhtml1/DTD/xhtml1-transitional.dtd">
<html xmlns="http://www.w3.org/1999/xhtml" xml:lang="en" lang="en">
 <head>
  <title>
</title>
<meta http-equiv="Content-Type" content="text/html;charset=utf-8" />
  <meta name='ocr-system' content='tesseract 3.04.00' />
  <meta name='ocr-capabilities' content='ocr_page ocr_carea ocr_par ocr_line ocrx_word'/>
</head>
<body>
  <div class='ocr_page' id='page_1' title='image "./grammaticaceltic01zeusuoft_0224.png"; bbox 0 0 1897 3072; ppageno 0'>
   <div class='ocr_carea' id='block_1_1' title="bbox 191 79 1425 119">
    <p class='ocr_par' dir='ltr' id='par_1_1' title="bbox 191 79 1425 119">
     <span class='ocr_line' id='line_1_1' title="bbox 191 79 1425 119; baseline 0 0"><span class='ocrx_word' id='word_1_1' title='bbox 191 80 271 119; x_wconf 92' lang='grc'><strong>162</strong></span> <span class='ocrx_word' id='word_1_2' title='bbox 496 79 532 118; x_wconf 92' lang='grc' dir='ltr'><strong>Ι.</strong></span> <span class='ocrx_word' id='word_1_3' title='bbox 572 83 609 118; x_wconf 88' lang='grc'><strong>1.</strong></span> <span class='ocrx_word' id='word_1_4' title='bbox 672 91 895 119; x_wconf 71' lang='lat' dir='ltr'><strong>coNsoNAE</strong></span> <span class='ocrx_word' id='word_1_5' title='bbox 917 91 1216 119; x_wconf 79' lang='lat' dir='ltr'><strong>BRITANNICAE</strong></span> <span class='ocrx_word' id='word_1_6' title='bbox 1237 92 1425 119; x_wconf 83' lang='lat' dir='ltr'><strong>MEDIAE.</strong></span> 
     </span>
    </p>
   </div>
   <div class='ocr_carea' id='block_1_2' title="bbox 186 190 1749 2857">
    <p class='ocr_par' dir='ltr' id='par_1_2' title="bbox 188 190 1736 458">
     <span class='ocr_line' id='line_1_2' title="bbox 302 190 1736 245; baseline 0.001 -12"><span class='ocrx_word' id='word_1_7' title='bbox 302 194 343 234; x_wconf 84' lang='lat' dir='ltr'><strong>G</strong></span> <span class='ocrx_word' id='word_1_8' title='bbox 371 191 577 233; x_wconf 83' lang='lat' dir='ltr'><strong>cambrica</strong></span> <span class='ocrx_word' id='word_1_9' title='bbox 607 190 879 232; x_wconf 87' lang='lat' dir='ltr'><strong>destitutione</strong></span> <span class='ocrx_word' id='word_1_10' title='bbox 909 190 1031 245; x_wconf 82' lang='lat' dir='ltr'><strong>perit,</strong></span> <span class='ocrx_word' id='word_1_11' title='bbox 1057 197 1143 231; x_wconf 85' lang='lat' dir='ltr'><strong>tam</strong></span> <span class='ocrx_word' id='word_1_12' title='bbox 1164 190 1209 230; x_wconf 92' lang='lat' dir='ltr'><strong>in</strong></span> <span class='ocrx_word' id='word_1_13' title='bbox 1230 191 1353 232; x_wconf 85' lang='lat' dir='ltr'><strong>initio</strong></span> <span class='ocrx_word' id='word_1_14' title='bbox 1373 206 1537 242; x_wconf 86' lang='lat' dir='ltr'><strong>vocum,</strong></span> <span class='ocrx_word' id='word_1_15' title='bbox 1564 193 1598 233; x_wconf 88' lang='lat' dir='ltr'><strong>si</strong></span> <span class='ocrx_word' id='word_1_16' title='bbox 1619 195 1736 234; x_wconf 84' lang='lat' dir='ltr'><strong>adest</strong></span> 
     </span>
     <span class='ocr_line' id='line_1_3' title="bbox 188 261 1736 318; baseline -0.001 -12"><span class='ocrx_word' id='word_1_17' title='bbox 188 280 313 306; x_wconf 83' lang='lat' dir='ltr'><strong>causa</strong></span> <span class='ocrx_word' id='word_1_18' title='bbox 334 262 586 311; x_wconf 84' lang='lat' dir='ltr'><strong>infectionis,</strong></span> <span class='ocrx_word' id='word_1_19' title='bbox 608 276 733 316; x_wconf 82' lang='lat' dir='ltr'><strong>quam</strong></span> <span class='ocrx_word' id='word_1_20' title='bbox 754 262 799 302; x_wconf 92' lang='lat' dir='ltr'><strong>in</strong></span> <span class='ocrx_word' id='word_1_21' title='bbox 820 261 957 302; x_wconf 90' lang='lat' dir='ltr'><strong>medio</strong></span> <span class='ocrx_word' id='word_1_22' title='bbox 979 268 1020 301; x_wconf 88' lang='lat' dir='ltr'><strong>et</strong></span> <span class='ocrx_word' id='word_1_23' title='bbox 1040 262 1138 311; x_wconf 84' lang='lat' dir='ltr'><strong>fine,</strong></span> <span class='ocrx_word' id='word_1_24' title='bbox 1164 261 1209 301; x_wconf 89' lang='lat' dir='ltr'><strong>in</strong></span> <span class='ocrx_word' id='word_1_25' title='bbox 1230 261 1438 316; x_wconf 85' lang='lat' dir='ltr'><strong>positione</strong></span> <span class='ocrx_word' id='word_1_26' title='bbox 1460 278 1589 317; x_wconf 83' lang='lat' dir='ltr'><strong>aeque</strong></span> <span class='ocrx_word' id='word_1_27' title='bbox 1610 271 1736 318; x_wconf 85' lang='lat' dir='ltr'><strong>atque</strong></span> 
     </span>
     <span class='ocr_line' id='line_1_4' title="bbox 189 331 1732 390; baseline -0.001 -14"><span class='ocrx_word' id='word_1_28' title='bbox 189 343 307 377; x_wconf 82' lang='lat' dir='ltr'><strong>extra</strong></span> <span class='ocrx_word' id='word_1_29' title='bbox 326 333 593 390; x_wconf 84' lang='lat' dir='ltr'><strong>positionem.</strong></span> <span class='ocrx_word' id='word_1_30' title='bbox 638 333 691 373; x_wconf 90' lang='lat' dir='ltr'><strong>In</strong></span> <span class='ocrx_word' id='word_1_31' title='bbox 713 331 856 372; x_wconf 83' lang='lat' dir='ltr'><strong>initio:</strong></span> <span class='ocrx_word' id='word_1_32' title='bbox 883 346 1084 386; x_wconf 66' lang='lat' dir='ltr'><strong>aoruqam</strong></span> <span class='ocrx_word' id='word_1_33' title='bbox 1107 332 1264 386; x_wconf 85' lang='lat' dir='ltr'><strong>(coepi3</strong></span> <span class='ocrx_word' id='word_1_34' title='bbox 1290 346 1410 373; x_wconf 82' lang='lat' dir='ltr'><strong>mox:</strong></span> <span class='ocrx_word' id='word_1_35' title='bbox 1442 348 1490 374; x_wconf 84' lang='lat' dir='ltr'><strong>ae</strong></span> <span class='ocrx_word' id='word_1_36' title='bbox 1509 341 1732 389; x_wconf 68' lang='lat' dir='ltr'><strong>yoruycmt,</strong></span> 
     </span>
     <span class='ocr_line' id='line_1_5' title="bbox 188 402 1688 458; baseline -0.002 -11"><span class='ocrx_word' id='word_1_37' title='bbox 188 414 230 447; x_wconf 85' lang='lat' dir='ltr'><strong>et</strong></span> <span class='ocrx_word' id='word_1_38' title='bbox 250 421 347 447; x_wconf 88' lang='lat' dir='ltr'><strong>eum</strong></span> <span class='ocrx_word' id='word_1_39' title='bbox 369 410 610 458; x_wconf 85' lang='lat' dir='ltr'><strong>coeperunt,</strong></span> <span class='ocrx_word' id='word_1_40' title='bbox 636 418 802 452; x_wconf 83' lang='lat' dir='ltr'><strong>exuere,</strong></span> <span class='ocrx_word' id='word_1_41' title='bbox 829 402 902 443; x_wconf 87' lang='lat' dir='ltr'><strong>ubi</strong></span> <span class='ocrx_word' id='word_1_42' title='bbox 924 404 1039 443; x_wconf 81' lang='lat' dir='ltr'><strong>deest</strong></span> <span class='ocrx_word' id='word_1_43' title='bbox 1060 418 1185 443; x_wconf 82' lang='lat' dir='ltr'><strong>eausa</strong></span> <span class='ocrx_word' id='word_1_44' title='bbox 1206 403 1416 456; x_wconf 82' lang='lat' dir='ltr'><strong>inficiens)</strong></span> <span class='ocrx_word' id='word_1_45' title='bbox 1438 404 1554 444; x_wconf 81' lang='lat' dir='ltr'><strong>Mab.</strong></span> <span class='ocrx_word' id='word_1_46' title='bbox 1584 409 1620 454; x_wconf 87' lang='lat'><strong>1,</strong></span> <span class='ocrx_word' id='word_1_47' title='bbox 1648 410 1688 445; x_wconf 82' lang='lat'><strong>4.</strong></span> 
     </span>
    </p>

    <p class='ocr_par' dir='ltr' id='par_1_3' title="bbox 186 473 1745 1661">
     <span class='ocr_line' id='line_1_6' title="bbox 302 473 1736 530; baseline 0.001 -15"><span class='ocrx_word' id='word_1_48' title='bbox 302 477 355 516; x_wconf 92' lang='lat' dir='ltr'><strong>In</strong></span> <span class='ocrx_word' id='word_1_49' title='bbox 375 475 512 515; x_wconf 90' lang='lat' dir='ltr'><strong>medio</strong></span> <span class='ocrx_word' id='word_1_50' title='bbox 535 481 576 514; x_wconf 86' lang='lat' dir='ltr'><strong>et</strong></span> <span class='ocrx_word' id='word_1_51' title='bbox 595 475 679 514; x_wconf 90' lang='lat' dir='ltr'><strong>fine</strong></span> <span class='ocrx_word' id='word_1_52' title='bbox 702 480 869 514; x_wconf 87' lang='lat' dir='ltr'><strong>tenetur</strong></span> <span class='ocrx_word' id='word_1_53' title='bbox 889 473 934 514; x_wconf 90' lang='lat' dir='ltr'><strong>in</strong></span> <span class='ocrx_word' id='word_1_54' title='bbox 956 473 1043 514; x_wconf 86' lang='lat' dir='ltr'><strong>sola</strong></span> <span class='ocrx_word' id='word_1_55' title='bbox 1063 473 1270 527; x_wconf 88' lang='lat' dir='ltr'><strong>positione</strong></span> <span class='ocrx_word' id='word_1_56' title='bbox 1292 475 1334 514; x_wconf 95' lang='lat' dir='ltr'><strong>N</strong></span> <span class='ocrx_word' id='word_1_57' title='bbox 1338 475 1399 522; x_wconf 54' lang='grc' dir='ltr'><strong>(ἐς</strong></span> <span class='ocrx_word' id='word_1_58' title='bbox 1424 474 1470 514; x_wconf 90' lang='lat' dir='ltr'><strong>in</strong></span> <span class='ocrx_word' id='word_1_59' title='bbox 1491 475 1582 516; x_wconf 84' lang='lat' dir='ltr'><strong>aliis</strong></span> <span class='ocrx_word' id='word_1_60' title='bbox 1603 476 1736 530; x_wconf 83' lang='lat' dir='ltr'><strong>magis</strong></span> 
     </span>
     <span class='ocr_line' id='line_1_7' title="bbox 188 543 1737 599; baseline -0.001 -11"><span class='ocrx_word' id='word_1_61' title='bbox 188 548 254 588; x_wconf 90' lang='lat' dir='ltr'><strong>vel</strong></span> <span class='ocrx_word' id='word_1_62' title='bbox 274 547 416 587; x_wconf 89' lang='lat' dir='ltr'><strong>minus</strong></span> <span class='ocrx_word' id='word_1_63' title='bbox 439 544 721 586; x_wconf 80' lang='lat' dir='ltr'><strong>obliterationi</strong></span> <span class='ocrx_word' id='word_1_64' title='bbox 743 543 924 584; x_wconf 83' lang='lat' dir='ltr'><strong>obnoxia</strong></span> <span class='ocrx_word' id='word_1_65' title='bbox 945 552 1022 584; x_wconf 89' lang='lat' dir='ltr'><strong>est.</strong></span> <span class='ocrx_word' id='word_1_66' title='bbox 1066 544 1237 585; x_wconf 84' lang='lat' dir='ltr'><strong>Transit</strong></span> <span class='ocrx_word' id='word_1_67' title='bbox 1262 543 1307 584; x_wconf 91' lang='lat' dir='ltr'><strong>in</strong></span> <span class='ocrx_word' id='word_1_68' title='bbox 1328 545 1369 585; x_wconf 92' lang='lat' dir='ltr'>Y</span> <span class='ocrx_word' id='word_1_69' title='bbox 1391 544 1436 584; x_wconf 90' lang='lat' dir='ltr'><strong>in</strong></span> <span class='ocrx_word' id='word_1_70' title='bbox 1457 545 1737 599; x_wconf 88' lang='lat' dir='ltr'><strong>positionibus</strong></span> 
     </span>
     <span class='ocr_line' id='line_1_8' title="bbox 189 614 1738 670; baseline -0.001 -11"><span class='ocrx_word' id='word_1_71' title='bbox 189 619 282 667; x_wconf 87' lang='lat' dir='ltr'><strong>LG,</strong></span> <span class='ocrx_word' id='word_1_72' title='bbox 308 617 393 658; x_wconf 79' lang='lat' dir='ltr'><strong>RG</strong></span> <span class='ocrx_word' id='word_1_73' title='bbox 429 616 474 656; x_wconf 87' lang='lat' dir='ltr'><strong>in</strong></span> <span class='ocrx_word' id='word_1_74' title='bbox 508 615 646 656; x_wconf 84' lang='lat' dir='ltr'><strong>medio</strong></span> <span class='ocrx_word' id='word_1_75' title='bbox 682 629 856 664; x_wconf 88' lang='lat' dir='ltr'><strong>vocum,</strong></span> <span class='ocrx_word' id='word_1_76' title='bbox 889 614 934 655; x_wconf 92' lang='lat' dir='ltr'><strong>in</strong></span> <span class='ocrx_word' id='word_1_77' title='bbox 970 614 1092 655; x_wconf 91' lang='lat' dir='ltr'><strong>initio</strong></span> <span class='ocrx_word' id='word_1_78' title='bbox 1127 615 1239 655; x_wconf 86' lang='lat' dir='ltr'><strong>vocis</strong></span> <span class='ocrx_word' id='word_1_79' title='bbox 1276 616 1483 656; x_wconf 85' lang='lat' dir='ltr'><strong>secundae</strong></span> <span class='ocrx_word' id='word_1_80' title='bbox 1519 617 1738 670; x_wconf 85' lang='lat' dir='ltr'><strong>compositi</strong></span> 
     </span>
     <span class='ocr_line' id='line_1_9' title="bbox 188 686 1738 742; baseline -0.002 -12"><span class='ocrx_word' id='word_1_81' title='bbox 188 689 314 730; x_wconf 84' lang='lat' dir='ltr'><strong>etiam</strong></span> <span class='ocrx_word' id='word_1_82' title='bbox 335 695 430 742; x_wconf 87' lang='lat' dir='ltr'><strong>post</strong></span> <span class='ocrx_word' id='word_1_83' title='bbox 451 686 552 728; x_wconf 81' lang='lat' dir='ltr'><strong>alias</strong></span> <span class='ocrx_word' id='word_1_84' title='bbox 575 700 799 727; x_wconf 81' lang='lat' dir='ltr'><strong>consonas:</strong></span> <span class='ocrx_word' id='word_1_85' title='bbox 840 686 1043 740; x_wconf 70' lang='lat' dir='ltr'><strong>Grudyen</strong></span> <span class='ocrx_word' id='word_1_86' title='bbox 1066 687 1128 738; x_wconf 87' lang='lat' dir='ltr'><strong>(n.</strong></span> <span class='ocrx_word' id='word_1_87' title='bbox 1152 687 1239 739; x_wconf 89' lang='lat' dir='ltr'><strong>pr.)</strong></span> <span class='ocrx_word' id='word_1_88' title='bbox 1262 686 1378 725; x_wconf 80' lang='lat' dir='ltr'><strong>Mab.</strong></span> <span class='ocrx_word' id='word_1_89' title='bbox 1407 690 1445 735; x_wconf 85' lang='lat'><strong>3,</strong></span> <span class='ocrx_word' id='word_1_90' title='bbox 1473 691 1540 726; x_wconf 84' lang='lat'><strong>98.</strong></span> <span class='ocrx_word' id='word_1_91' title='bbox 1578 687 1738 742; x_wconf 72' lang='lat' dir='ltr'><strong>Sulyen</strong></span> 
     </span>
     <span class='ocr_line' id='line_1_10' title="bbox 188 755 1735 814; baseline -0.002 -14"><span class='ocrx_word' id='word_1_92' title='bbox 188 763 263 814; x_wconf 64' lang='grc' dir='ltr'><strong>(Ξ</strong></span> <span class='ocrx_word' id='word_1_93' title='bbox 286 759 478 813; x_wconf 70' lang='lat' dir='ltr'><strong>Sulyen),</strong></span> <span class='ocrx_word' id='word_1_94' title='bbox 509 759 665 812; x_wconf 71' lang='lat' dir='ltr'><strong>Uryen,</strong></span> <span class='ocrx_word' id='word_1_95' title='bbox 687 757 870 810; x_wconf 60' lang='lat' dir='ltr'><strong>filoryen</strong></span> <span class='ocrx_word' id='word_1_96' title='bbox 888 755 1079 808; x_wconf 84' lang='lat' dir='ltr'><strong>(nomina</strong></span> <span class='ocrx_word' id='word_1_97' title='bbox 1097 756 1300 808; x_wconf 83' lang='lat' dir='ltr'><strong>virorum)</strong></span> <span class='ocrx_word' id='word_1_98' title='bbox 1320 757 1435 796; x_wconf 82' lang='lat' dir='ltr'><strong>Mab.</strong></span> <span class='ocrx_word' id='word_1_99' title='bbox 1459 760 1497 806; x_wconf 85' lang='lat'><strong>2,</strong></span> <span class='ocrx_word' id='word_1_100' title='bbox 1521 760 1616 797; x_wconf 85' lang='lat'><strong>206.</strong></span> <span class='ocrx_word' id='word_1_101' title='bbox 1640 761 1735 798; x_wconf 83' lang='lat'><strong>212.</strong></span> 
     </span>
     <span class='ocr_line' id='line_1_11' title="bbox 190 826 1739 885; baseline -0.002 -13"><span class='ocrx_word' id='word_1_102' title='bbox 190 837 286 872; x_wconf 86' lang='lat'><strong>390.</strong></span> <span class='ocrx_word' id='word_1_103' title='bbox 319 834 476 885; x_wconf 72' lang='lat' dir='ltr'><strong>arycmt</strong></span> <span class='ocrx_word' id='word_1_104' title='bbox 505 828 763 881; x_wconf 82' lang='lat' dir='ltr'><strong>(argentum)</strong></span> <span class='ocrx_word' id='word_1_105' title='bbox 795 826 898 879; x_wconf 87' lang='lat' dir='ltr'><strong>Leg.</strong></span> <span class='ocrx_word' id='word_1_106' title='bbox 928 830 964 866; x_wconf 94' lang='lat'><strong>1.</strong></span> <span class='ocrx_word' id='word_1_107' title='bbox 993 831 1030 866; x_wconf 87' lang='grc'><strong>3.</strong></span> <span class='ocrx_word' id='word_1_108' title='bbox 1062 831 1098 866; x_wconf 91' lang='grc'><strong>1.</strong></span> <span class='ocrx_word' id='word_1_109' title='bbox 1124 827 1240 866; x_wconf 78' lang='lat' dir='ltr'><strong>Mab.</strong></span> <span class='ocrx_word' id='word_1_110' title='bbox 1271 830 1307 874; x_wconf 88' lang='lat'><strong>1,</strong></span> <span class='ocrx_word' id='word_1_111' title='bbox 1334 831 1372 866; x_wconf 83' lang='lat'><strong>4.</strong></span> <span class='ocrx_word' id='word_1_112' title='bbox 1406 828 1633 882; x_wconf 73' lang='lat' dir='ltr'><strong>arymmeit</strong></span> <span class='ocrx_word' id='word_1_113' title='bbox 1659 830 1739 881; x_wconf 82' lang='lat' dir='ltr'><strong>(ar-</strong></span> 
     </span>
     <span class='ocr_line' id='line_1_12' title="bbox 186 896 1735 957; baseline -0.003 -14"><span class='ocrx_word' id='word_1_114' title='bbox 186 902 382 957; x_wconf 83' lang='lat' dir='ltr'><strong>genteus)</strong></span> <span class='ocrx_word' id='word_1_115' title='bbox 407 900 522 940; x_wconf 80' lang='lat' dir='ltr'><strong>Mab.</strong></span> <span class='ocrx_word' id='word_1_116' title='bbox 551 902 571 938; x_wconf 86' lang='lat'>3</span> <span class='ocrx_word' id='word_1_117' title='bbox 588 930 598 946; x_wconf 87' lang='lat'><em>‚</em></span> <span class='ocrx_word' id='word_1_118' title='bbox 627 901 722 937; x_wconf 82' lang='grc'><strong>264.</strong></span> <span class='ocrx_word' id='word_1_119' title='bbox 758 902 910 950; x_wconf 76' lang='lat' dir='ltr'><strong>taryan</strong></span> <span class='ocrx_word' id='word_1_120' title='bbox 942 897 1095 950; x_wconf 79' lang='lat' dir='ltr'><strong>(pelta,</strong></span> <span class='ocrx_word' id='word_1_121' title='bbox 1122 902 1314 943; x_wconf 82' lang='lat' dir='ltr'><strong>scutum3</strong></span> <span class='ocrx_word' id='word_1_122' title='bbox 1349 896 1423 936; x_wconf 82' lang='lat' dir='ltr'><strong>lat.</strong></span> <span class='ocrx_word' id='word_1_123' title='bbox 1452 899 1562 938; x_wconf 90' lang='lat' dir='ltr'><strong>med.</strong></span> <span class='ocrx_word' id='word_1_124' title='bbox 1599 904 1735 952; x_wconf 69' lang='lat' dir='ltr'><strong>tarqa,</strong></span> 
     </span>
     <span class='ocr_line' id='line_1_13' title="bbox 189 966 1740 1026; baseline -0.003 -13"><span class='ocrx_word' id='word_1_125' title='bbox 189 972 343 1026; x_wconf 67' lang='lat' dir='ltr'><strong>tarqe&#39;a,</strong></span> <span class='ocrx_word' id='word_1_126' title='bbox 372 977 584 1024; x_wconf 69' lang='lat' dir='ltr'><strong>tarqomcs,</strong></span> <span class='ocrx_word' id='word_1_127' title='bbox 606 967 738 1021; x_wconf 83' lang='lat' dir='ltr'><strong>major</strong></span> <span class='ocrx_word' id='word_1_128' title='bbox 760 975 890 1020; x_wconf 85' lang='lat' dir='ltr'><strong>targa,</strong></span> <span class='ocrx_word' id='word_1_129' title='bbox 915 971 1090 1021; x_wconf 63' lang='grc' dir='ltr'><strong>ίανφθΐα,</strong></span> <span class='ocrx_word' id='word_1_130' title='bbox 1113 973 1230 1019; x_wconf 81' lang='lat' dir='ltr'><strong>targa</strong></span> <span class='ocrx_word' id='word_1_131' title='bbox 1249 966 1401 1017; x_wconf 89' lang='lat' dir='ltr'><strong>minor,</strong></span> <span class='ocrx_word' id='word_1_132' title='bbox 1421 982 1488 1022; x_wconf 86' lang='lat' dir='ltr'><strong>ap.</strong></span> <span class='ocrx_word' id='word_1_133' title='bbox 1510 968 1740 1022; x_wconf 81' lang='lat' dir='ltr'><strong>Cangium)</strong></span> 
     </span>
     <span class='ocr_line' id='line_1_14' title="bbox 188 1036 1741 1095; baseline -0.004 -10"><span class='ocrx_word' id='word_1_134' title='bbox 188 1045 304 1084; x_wconf 85' lang='lat' dir='ltr'><strong>Mab.</strong></span> <span class='ocrx_word' id='word_1_135' title='bbox 330 1042 387 1095; x_wconf 88' lang='lat' dir='ltr'><strong>fq.</strong></span> <span class='ocrx_word' id='word_1_136' title='bbox 432 1042 485 1080; x_wconf 90' lang='lat' dir='ltr'><strong>In</strong></span> <span class='ocrx_word' id='word_1_137' title='bbox 522 1039 614 1080; x_wconf 85' lang='lat' dir='ltr'><strong>aliis</strong></span> <span class='ocrx_word' id='word_1_138' title='bbox 651 1046 791 1078; x_wconf 84' lang='lat' dir='ltr'><strong>tamen</strong></span> <span class='ocrx_word' id='word_1_139' title='bbox 829 1037 955 1078; x_wconf 82' lang='lat' dir='ltr'><strong>etiam</strong></span> <span class='ocrx_word' id='word_1_140' title='bbox 983 1037 1028 1077; x_wconf 88' lang='lat' dir='ltr'><strong>in</strong></span> <span class='ocrx_word' id='word_1_141' title='bbox 1055 1036 1192 1077; x_wconf 82' lang='lat' dir='ltr'><strong>medio</strong></span> <span class='ocrx_word' id='word_1_142' title='bbox 1222 1037 1363 1077; x_wconf 87' lang='lat' dir='ltr'><strong>deficit</strong></span> <span class='ocrx_word' id='word_1_143' title='bbox 1393 1038 1585 1088; x_wconf 86' lang='lat' dir='ltr'><strong>omnino,</strong></span> <span class='ocrx_word' id='word_1_144' title='bbox 1618 1046 1666 1079; x_wconf 89' lang='lat' dir='ltr'><strong>ut</strong></span> <span class='ocrx_word' id='word_1_145' title='bbox 1696 1039 1741 1079; x_wconf 91' lang='lat' dir='ltr'><strong>in</strong></span> 
     </span>
     <span class='ocr_line' id='line_1_15' title="bbox 187 1106 1737 1162; baseline -0.004 -7"><span class='ocrx_word' id='word_1_146' title='bbox 187 1116 294 1155; x_wconf 89' lang='lat' dir='ltr'><strong>fine:</strong></span> <span class='ocrx_word' id='word_1_147' title='bbox 330 1112 505 1153; x_wconf 71' lang='lat' dir='ltr'><strong>Jadnou</strong></span> <span class='ocrx_word' id='word_1_148' title='bbox 534 1110 605 1162; x_wconf 83' lang='lat' dir='ltr'><strong>(cf.</strong></span> <span class='ocrx_word' id='word_1_149' title='bbox 631 1123 758 1162; x_wconf 84' lang='lat' dir='ltr'><strong>supra</strong></span> <span class='ocrx_word' id='word_1_150' title='bbox 789 1122 971 1162; x_wconf 89' lang='lat' dir='ltr'><strong>compos.</strong></span> <span class='ocrx_word' id='word_1_151' title='bbox 998 1109 1142 1162; x_wconf 61' lang='lat'><strong><em>-972020</em></strong></span> <span class='ocrx_word' id='word_1_152' title='bbox 1166 1106 1260 1147; x_wconf 90' lang='lat' dir='ltr'><strong>Lib.</strong></span> <span class='ocrx_word' id='word_1_153' title='bbox 1287 1108 1422 1148; x_wconf 82' lang='lat' dir='ltr'><strong>Land.</strong></span> <span class='ocrx_word' id='word_1_154' title='bbox 1452 1114 1518 1148; x_wconf 91' lang='lat'><strong>70.</strong></span> <span class='ocrx_word' id='word_1_155' title='bbox 1548 1114 1613 1149; x_wconf 85' lang='grc'><strong>74.</strong></span> <span class='ocrx_word' id='word_1_156' title='bbox 1643 1114 1737 1149; x_wconf 83' lang='grc'><strong>165.</strong></span> 
     </span>
     <span class='ocr_line' id='line_1_16' title="bbox 194 1179 1742 1239; baseline -0.005 -13"><span class='ocrx_word' id='word_1_157' title='bbox 194 1185 412 1239; x_wconf 74' lang='lat' dir='ltr'><strong>Gwydnezc</strong></span> <span class='ocrx_word' id='word_1_158' title='bbox 449 1180 649 1231; x_wconf 83' lang='lat' dir='ltr'><strong>&lt;nomina</strong></span> <span class='ocrx_word' id='word_1_159' title='bbox 684 1179 898 1231; x_wconf 83' lang='lat' dir='ltr'><strong>virorum)</strong></span> <span class='ocrx_word' id='word_1_160' title='bbox 936 1179 1052 1218; x_wconf 78' lang='lat' dir='ltr'><strong>Mab.</strong></span> <span class='ocrx_word' id='word_1_161' title='bbox 1081 1181 1127 1227; x_wconf 87' lang='lat'><strong>2,</strong></span> <span class='ocrx_word' id='word_1_162' title='bbox 1156 1181 1251 1217; x_wconf 83' lang='lat'><strong>210.</strong></span> <span class='ocrx_word' id='word_1_163' title='bbox 1280 1180 1374 1218; x_wconf 89' lang='grc'><strong>223.</strong></span> <span class='ocrx_word' id='word_1_164' title='bbox 1414 1179 1634 1220; x_wconf 76' lang='lat' dir='ltr'><strong>Maredud</strong></span> <span class='ocrx_word' id='word_1_165' title='bbox 1669 1181 1742 1233; x_wconf 64' lang='lat' dir='ltr'><strong>(z</strong></span> 
     </span>
     <span class='ocr_line' id='line_1_17' title="bbox 188 1248 1738 1309; baseline -0.005 -12"><span class='ocrx_word' id='word_1_166' title='bbox 188 1257 421 1309; x_wconf 66' lang='lat' dir='ltr'><strong>BIaryetut,</strong></span> <span class='ocrx_word' id='word_1_167' title='bbox 447 1253 591 1305; x_wconf 82' lang='lat' dir='ltr'><strong>supra)</strong></span> <span class='ocrx_word' id='word_1_168' title='bbox 616 1251 732 1290; x_wconf 77' lang='lat' dir='ltr'><strong>Mab.</strong></span> <span class='ocrx_word' id='word_1_169' title='bbox 759 1254 797 1298; x_wconf 86' lang='grc'><strong>2,</strong></span> <span class='ocrx_word' id='word_1_170' title='bbox 823 1254 917 1289; x_wconf 83' lang='grc'><strong>371.</strong></span> <span class='ocrx_word' id='word_1_171' title='bbox 943 1249 1113 1289; x_wconf 67' lang='grc' dir='ltr'><strong>Μενρνῖί</strong></span> <span class='ocrx_word' id='word_1_172' title='bbox 1134 1248 1418 1301; x_wconf 80' lang='lat' dir='ltr'><strong>(margaritae)</strong></span> <span class='ocrx_word' id='word_1_173' title='bbox 1441 1250 1557 1289; x_wconf 79' lang='lat' dir='ltr'><strong>Mab.</strong></span> <span class='ocrx_word' id='word_1_174' title='bbox 1581 1252 1618 1299; x_wconf 83' lang='lat'><strong>2,</strong></span> <span class='ocrx_word' id='word_1_175' title='bbox 1642 1253 1738 1290; x_wconf 83' lang='lat'><strong>218.</strong></span> 
     </span>
     <span class='ocr_line' id='line_1_18' title="bbox 191 1319 1741 1375; baseline -0.003 -10"><span class='ocrx_word' id='word_1_176' title='bbox 191 1332 211 1366; x_wconf 87' lang='lat'><strong>3</strong></span> <span class='ocrx_word' id='word_1_177' title='bbox 226 1359 238 1375; x_wconf 89' lang='lat'><em>,</em></span> <span class='ocrx_word' id='word_1_178' title='bbox 267 1329 363 1364; x_wconf 85' lang='grc'><strong>266.</strong></span> <span class='ocrx_word' id='word_1_179' title='bbox 408 1323 530 1363; x_wconf 87' lang='lat' dir='ltr'><strong>Addo</strong></span> <span class='ocrx_word' id='word_1_180' title='bbox 560 1335 679 1361; x_wconf 81' lang='lat' dir='ltr'><strong>voces</strong></span> <span class='ocrx_word' id='word_1_181' title='bbox 710 1319 954 1360; x_wconf 79' lang='lat' dir='ltr'><strong>hodiernas:</strong></span> <span class='ocrx_word' id='word_1_182' title='bbox 987 1333 1183 1374; x_wconf 71' lang='lat' dir='ltr'><strong>(sweryru</strong></span> <span class='ocrx_word' id='word_1_183' title='bbox 1222 1319 1430 1371; x_wconf 83' lang='lat' dir='ltr'><strong>(hinnire;</strong></span> <span class='ocrx_word' id='word_1_184' title='bbox 1465 1326 1548 1360; x_wconf 87' lang='lat' dir='ltr'><strong>vet.</strong></span> <span class='ocrx_word' id='word_1_185' title='bbox 1579 1320 1741 1375; x_wconf 57' lang='grc' dir='ltr'><strong>φάν-φί-</strong></span> 
     </span>
     <span class='ocr_line' id='line_1_19' title="bbox 188 1389 1745 1446; baseline -0.004 -9"><span class='ocrx_word' id='word_1_186' title='bbox 188 1397 313 1445; x_wconf 71' lang='lat' dir='ltr'><strong>riam,</strong></span> <span class='ocrx_word' id='word_1_187' title='bbox 339 1393 503 1441; x_wconf 88' lang='lat' dir='ltr'><strong>hinnio,</strong></span> <span class='ocrx_word' id='word_1_188' title='bbox 529 1392 586 1446; x_wconf 84' lang='lat' dir='ltr'><strong>gl.</strong></span> <span class='ocrx_word' id='word_1_189' title='bbox 613 1392 771 1439; x_wconf 61' lang='lat' dir='ltr'><strong>Oxou„</strong></span> <span class='ocrx_word' id='word_1_190' title='bbox 797 1390 925 1431; x_wconf 81' lang='lat' dir='ltr'><strong>deriv.</strong></span> <span class='ocrx_word' id='word_1_191' title='bbox 953 1404 973 1430; x_wconf 90' lang='lat' dir='ltr'><strong>e</strong></span> <span class='ocrx_word' id='word_1_192' title='bbox 992 1391 1158 1444; x_wconf 63' lang='grc' dir='ltr'><strong>φαεν-92</strong></span> <span class='ocrx_word' id='word_1_193' title='bbox 1181 1389 1233 1429; x_wconf 86' lang='lat' dir='ltr'><strong>cf.</strong></span> <span class='ocrx_word' id='word_1_194' title='bbox 1259 1405 1301 1443; x_wconf 92' lang='lat' dir='ltr'><strong>p.</strong></span> <span class='ocrx_word' id='word_1_195' title='bbox 1327 1395 1391 1439; x_wconf 76' lang='lat'><strong>14,</strong></span> <span class='ocrx_word' id='word_1_196' title='bbox 1413 1392 1539 1442; x_wconf 86' lang='lat' dir='ltr'><strong>not.),</strong></span> <span class='ocrx_word' id='word_1_197' title='bbox 1565 1391 1745 1445; x_wconf 73' lang='lat' dir='ltr'><strong>merydd</strong></span> 
     </span>
     <span class='ocr_line' id='line_1_20' title="bbox 190 1460 1739 1521; baseline -0.005 -14"><span class='ocrx_word' id='word_1_198' title='bbox 190 1467 341 1521; x_wconf 77' lang='lat' dir='ltr'><strong>(subst.</strong></span> <span class='ocrx_word' id='word_1_199' title='bbox 367 1463 575 1511; x_wconf 80' lang='lat' dir='ltr'><strong>debilitas,</strong></span> <span class='ocrx_word' id='word_1_200' title='bbox 601 1462 683 1516; x_wconf 83' lang='lat' dir='ltr'><strong>adj.</strong></span> <span class='ocrx_word' id='word_1_201' title='bbox 710 1461 923 1510; x_wconf 86' lang='lat' dir='ltr'><strong>flaccidus,</strong></span> <span class='ocrx_word' id='word_1_202' title='bbox 950 1476 970 1501; x_wconf 88' lang='lat' dir='ltr'><strong>e</strong></span> <span class='ocrx_word' id='word_1_203' title='bbox 992 1468 1075 1500; x_wconf 88' lang='lat' dir='ltr'><strong>vet.</strong></span> <span class='ocrx_word' id='word_1_204' title='bbox 1101 1460 1277 1514; x_wconf 75' lang='lat' dir='ltr'><strong>merqid,</strong></span> <span class='ocrx_word' id='word_1_205' title='bbox 1300 1462 1412 1501; x_wconf 87' lang='lat' dir='ltr'><strong>unde</strong></span> <span class='ocrx_word' id='word_1_206' title='bbox 1432 1461 1546 1500; x_wconf 86' lang='lat' dir='ltr'><strong>verb.</strong></span> <span class='ocrx_word' id='word_1_207' title='bbox 1571 1461 1739 1501; x_wconf 90' lang='lat' dir='ltr'><strong>denom.</strong></span> 
     </span>
     <span class='ocr_line' id='line_1_21' title="bbox 190 1530 1739 1591; baseline -0.004 -13"><span class='ocrx_word' id='word_1_208' title='bbox 190 1535 535 1591; x_wconf 69' lang='lat' dir='ltr'><strong>merssiclhalzam,</strong></span> <span class='ocrx_word' id='word_1_209' title='bbox 561 1533 618 1587; x_wconf 82' lang='lat' dir='ltr'><strong>gl.</strong></span> <span class='ocrx_word' id='word_1_210' title='bbox 645 1546 861 1581; x_wconf 80' lang='lat' dir='ltr'><strong>evanesco,</strong></span> <span class='ocrx_word' id='word_1_211' title='bbox 887 1532 915 1571; x_wconf 89' lang='lat' dir='ltr'><strong>i.</strong></span> <span class='ocrx_word' id='word_1_212' title='bbox 941 1546 976 1572; x_wconf 88' lang='lat' dir='ltr'><strong>e.</strong></span> <span class='ocrx_word' id='word_1_213' title='bbox 1002 1532 1222 1580; x_wconf 84' lang='lat' dir='ltr'><strong>flaccesco,</strong></span> <span class='ocrx_word' id='word_1_214' title='bbox 1258 1530 1301 1570; x_wconf 90' lang='lat' dir='ltr'><strong>in</strong></span> <span class='ocrx_word' id='word_1_215' title='bbox 1323 1530 1381 1584; x_wconf 85' lang='lat' dir='ltr'><strong>gl.</strong></span> <span class='ocrx_word' id='word_1_216' title='bbox 1406 1530 1592 1584; x_wconf 85' lang='lat' dir='ltr'><strong>Oxon.),</strong></span> <span class='ocrx_word' id='word_1_217' title='bbox 1628 1531 1739 1581; x_wconf 76' lang='lat' dir='ltr'><strong>hela,</strong></span> 
     </span>
     <span class='ocr_line' id='line_1_22' title="bbox 192 1601 1479 1661; baseline -0.007 -11"><span class='ocrx_word' id='word_1_218' title='bbox 192 1609 262 1650; x_wconf 76' lang='lat' dir='ltr'><strong>hel</strong></span> <span class='ocrx_word' id='word_1_219' title='bbox 281 1606 468 1661; x_wconf 80' lang='lat' dir='ltr'><strong>(venari3</strong></span> <span class='ocrx_word' id='word_1_220' title='bbox 504 1604 556 1644; x_wconf 88' lang='lat' dir='ltr'><strong>cf.</strong></span> <span class='ocrx_word' id='word_1_221' title='bbox 583 1603 773 1657; x_wconf 68' lang='lat' dir='ltr'><strong>helqlzatz&#39;</strong></span> <span class='ocrx_word' id='word_1_222' title='bbox 792 1603 850 1656; x_wconf 85' lang='lat' dir='ltr'><strong>gl.</strong></span> <span class='ocrx_word' id='word_1_223' title='bbox 876 1603 1035 1651; x_wconf 62' lang='lat' dir='ltr'><strong>Oxou„</strong></span> <span class='ocrx_word' id='word_1_224' title='bbox 1061 1602 1223 1642; x_wconf 82' lang='lat' dir='ltr'><strong>hibern.</strong></span> <span class='ocrx_word' id='word_1_225' title='bbox 1250 1608 1332 1641; x_wconf 85' lang='lat' dir='ltr'><strong>vet.</strong></span> <span class='ocrx_word' id='word_1_226' title='bbox 1358 1601 1479 1655; x_wconf 68' lang='lat' dir='ltr'><strong>sely).</strong></span> 
     </span>
    </p>

    <p class='ocr_par' dir='ltr' id='par_1_4' title="bbox 193 1672 1749 2857">
     <span class='ocr_line' id='line_1_23' title="bbox 306 1672 1744 1729; baseline -0.004 -11"><span class='ocrx_word' id='word_1_227' title='bbox 306 1679 438 1719; x_wconf 82' lang='lat' dir='ltr'><strong>Extra</strong></span> <span class='ocrx_word' id='word_1_228' title='bbox 457 1675 710 1729; x_wconf 75' lang='lat' dir='ltr'><strong>positionem</strong></span> <span class='ocrx_word' id='word_1_229' title='bbox 732 1674 775 1713; x_wconf 91' lang='lat' dir='ltr'><strong>in</strong></span> <span class='ocrx_word' id='word_1_230' title='bbox 797 1672 935 1713; x_wconf 89' lang='lat' dir='ltr'><strong>medio</strong></span> <span class='ocrx_word' id='word_1_231' title='bbox 957 1680 997 1713; x_wconf 85' lang='lat' dir='ltr'><strong>et</strong></span> <span class='ocrx_word' id='word_1_232' title='bbox 1018 1674 1102 1713; x_wconf 87' lang='lat' dir='ltr'><strong>fine</strong></span> <span class='ocrx_word' id='word_1_233' title='bbox 1120 1688 1282 1727; x_wconf 81' lang='lat' dir='ltr'><strong>semper</strong></span> <span class='ocrx_word' id='word_1_234' title='bbox 1298 1672 1438 1712; x_wconf 87' lang='lat' dir='ltr'><strong>deficit</strong></span> <span class='ocrx_word' id='word_1_235' title='bbox 1454 1672 1499 1712; x_wconf 92' lang='lat' dir='ltr'><strong>in</strong></span> <span class='ocrx_word' id='word_1_236' title='bbox 1515 1672 1744 1712; x_wconf 86' lang='lat' dir='ltr'><strong>recentiore</strong></span> 
     </span>
     <span class='ocr_line' id='line_1_24' title="bbox 193 1741 1740 1802; baseline -0.003 -14"><span class='ocrx_word' id='word_1_237' title='bbox 193 1749 354 1802; x_wconf 82' lang='lat' dir='ltr'><strong>lingua.</strong></span> <span class='ocrx_word' id='word_1_238' title='bbox 399 1747 453 1786; x_wconf 89' lang='lat' dir='ltr'><strong>In</strong></span> <span class='ocrx_word' id='word_1_239' title='bbox 482 1745 638 1785; x_wconf 85' lang='lat' dir='ltr'><strong>medio:</strong></span> <span class='ocrx_word' id='word_1_240' title='bbox 676 1745 765 1784; x_wconf 76' lang='lat' dir='ltr'><strong>hwa</strong></span> <span class='ocrx_word' id='word_1_241' title='bbox 796 1745 958 1795; x_wconf 82' lang='lat' dir='ltr'><strong>(arcus3</strong></span> <span class='ocrx_word' id='word_1_242' title='bbox 993 1743 1157 1783; x_wconf 82' lang='lat' dir='ltr'><strong>hibern.</strong></span> <span class='ocrx_word' id='word_1_243' title='bbox 1182 1744 1280 1783; x_wconf 90' lang='lat' dir='ltr'><strong>hod.</strong></span> <span class='ocrx_word' id='word_1_244' title='bbox 1317 1741 1467 1795; x_wconf 70' lang='lat' dir='ltr'><strong>boylza)</strong></span> <span class='ocrx_word' id='word_1_245' title='bbox 1491 1743 1606 1782; x_wconf 84' lang='lat' dir='ltr'><strong>Mab.</strong></span> <span class='ocrx_word' id='word_1_246' title='bbox 1637 1747 1673 1791; x_wconf 83' lang='lat'><strong>1,</strong></span> <span class='ocrx_word' id='word_1_247' title='bbox 1701 1747 1740 1783; x_wconf 87' lang='grc'><strong>3.</strong></span> 
     </span>
     <span class='ocr_line' id='line_1_25' title="bbox 195 1812 1744 1869; baseline -0.004 -10"><span class='ocrx_word' id='word_1_248' title='bbox 195 1819 320 1867; x_wconf 79' lang='lat' dir='ltr'><strong>mael,</strong></span> <span class='ocrx_word' id='word_1_249' title='bbox 335 1817 442 1857; x_wconf 75' lang='lat' dir='ltr'><em>mail</em></span> <span class='ocrx_word' id='word_1_250' title='bbox 457 1817 530 1869; x_wconf 83' lang='lat'><strong>(=</strong></span> <span class='ocrx_word' id='word_1_251' title='bbox 546 1815 678 1869; x_wconf 69' lang='lat' dir='ltr'><strong>mayl)</strong></span> <span class='ocrx_word' id='word_1_252' title='bbox 696 1814 741 1854; x_wconf 90' lang='lat' dir='ltr'><strong>in</strong></span> <span class='ocrx_word' id='word_1_253' title='bbox 759 1813 1000 1853; x_wconf 91' lang='lat' dir='ltr'><strong>nominibus</strong></span> <span class='ocrx_word' id='word_1_254' title='bbox 1021 1813 1205 1853; x_wconf 87' lang='lat' dir='ltr'><strong>virorum</strong></span> <span class='ocrx_word' id='word_1_255' title='bbox 1221 1812 1460 1867; x_wconf 87' lang='lat' dir='ltr'><strong>compositis</strong></span> <span class='ocrx_word' id='word_1_256' title='bbox 1479 1827 1605 1866; x_wconf 83' lang='lat' dir='ltr'><strong>supra</strong></span> <span class='ocrx_word' id='word_1_257' title='bbox 1621 1813 1744 1853; x_wconf 89' lang='lat' dir='ltr'><strong>dictis</strong></span> 
     </span>
     <span class='ocr_line' id='line_1_26' title="bbox 197 1883 1741 1944; baseline -0.003 -15"><span class='ocrx_word' id='word_1_258' title='bbox 197 1892 258 1944; x_wconf 87' lang='lat' dir='ltr'><strong>(p.</strong></span> <span class='ocrx_word' id='word_1_259' title='bbox 284 1890 396 1941; x_wconf 85' lang='lat'><strong>121).</strong></span> <span class='ocrx_word' id='word_1_260' title='bbox 421 1886 530 1927; x_wconf 71' lang='lat' dir='ltr'><strong>mais</strong></span> <span class='ocrx_word' id='word_1_261' title='bbox 553 1887 764 1939; x_wconf 77' lang='lat' dir='ltr'><strong>(campus)</strong></span> <span class='ocrx_word' id='word_1_262' title='bbox 787 1883 881 1924; x_wconf 91' lang='lat' dir='ltr'><strong>Lib.</strong></span> <span class='ocrx_word' id='word_1_263' title='bbox 905 1884 1042 1923; x_wconf 86' lang='lat' dir='ltr'><strong>Land.</strong></span> <span class='ocrx_word' id='word_1_264' title='bbox 1066 1887 1160 1933; x_wconf 80' lang='lat'>152,</span> <span class='ocrx_word' id='word_1_265' title='bbox 1186 1898 1297 1924; x_wconf 77' lang='lat' dir='ltr'><strong>maes</strong></span> <span class='ocrx_word' id='word_1_266' title='bbox 1320 1885 1395 1936; x_wconf 83' lang='lat'><strong>(=</strong></span> <span class='ocrx_word' id='word_1_267' title='bbox 1415 1885 1564 1937; x_wconf 63' lang='lat' dir='ltr'><strong>massis,</strong></span> <span class='ocrx_word' id='word_1_268' title='bbox 1585 1897 1741 1937; x_wconf 70' lang='lat' dir='ltr'><strong>maye-s,</strong></span> 
     </span>
     <span class='ocr_line' id='line_1_27' title="bbox 197 1953 1747 2015; baseline -0.005 -14"><span class='ocrx_word' id='word_1_269' title='bbox 197 1961 249 2001; x_wconf 90' lang='lat' dir='ltr'><strong>cf.</strong></span> <span class='ocrx_word' id='word_1_270' title='bbox 274 1976 317 2015; x_wconf 94' lang='lat' dir='ltr'><strong>p.</strong></span> <span class='ocrx_word' id='word_1_271' title='bbox 345 1964 384 2008; x_wconf 85' lang='lat'><strong>5,</strong></span> <span class='ocrx_word' id='word_1_272' title='bbox 409 1959 521 2010; x_wconf 86' lang='lat' dir='ltr'><strong>not.)</strong></span> <span class='ocrx_word' id='word_1_273' title='bbox 545 1957 661 1997; x_wconf 81' lang='lat' dir='ltr'><strong>Mab.</strong></span> <span class='ocrx_word' id='word_1_274' title='bbox 687 1955 744 2009; x_wconf 84' lang='lat' dir='ltr'><strong>sq.</strong></span> <span class='ocrx_word' id='word_1_275' title='bbox 790 1954 958 1995; x_wconf 84' lang='lat' dir='ltr'><strong>Vocalis</strong></span> <span class='ocrx_word' id='word_1_276' title='bbox 981 1953 999 1994; x_wconf 79' lang='lat' dir='ltr'><strong>i</strong></span> <span class='ocrx_word' id='word_1_277' title='bbox 1016 1953 1183 1994; x_wconf 84' lang='lat' dir='ltr'><strong>alterari</strong></span> <span class='ocrx_word' id='word_1_278' title='bbox 1205 1954 1312 1994; x_wconf 82' lang='lat' dir='ltr'><strong>solet</strong></span> <span class='ocrx_word' id='word_1_279' title='bbox 1332 1967 1507 1993; x_wconf 84' lang='lat' dir='ltr'><strong>excussa</strong></span> <span class='ocrx_word' id='word_1_280' title='bbox 1533 1969 1588 2008; x_wconf 76' lang='lat' dir='ltr'><strong>q.-</strong></span> <span class='ocrx_word' id='word_1_281' title='bbox 1621 1953 1747 1994; x_wconf 70' lang='lat' dir='ltr'><strong>Breit</strong></span> 
     </span>
     <span class='ocr_line' id='line_1_28' title="bbox 199 2023 1745 2085; baseline -0.006 -13"><span class='ocrx_word' id='word_1_282' title='bbox 199 2030 397 2085; x_wconf 79' lang='lat' dir='ltr'><strong>(Brigita)</strong></span> <span class='ocrx_word' id='word_1_283' title='bbox 412 2028 505 2069; x_wconf 86' lang='lat' dir='ltr'><strong>Lib.</strong></span> <span class='ocrx_word' id='word_1_284' title='bbox 521 2027 657 2067; x_wconf 84' lang='lat' dir='ltr'><strong>Land.</strong></span> <span class='ocrx_word' id='word_1_285' title='bbox 677 2029 772 2066; x_wconf 83' lang='grc'><strong>225.</strong></span> <span class='ocrx_word' id='word_1_286' title='bbox 793 2029 887 2066; x_wconf 84' lang='grc'><strong>263.</strong></span> <span class='ocrx_word' id='word_1_287' title='bbox 905 2025 1090 2079; x_wconf 73' lang='lat' dir='ltr'><strong>atez&#39;lwyt</strong></span> <span class='ocrx_word' id='word_1_288' title='bbox 1106 2024 1367 2077; x_wconf 80' lang='lat' dir='ltr'><strong>(aedificatus</strong></span> <span class='ocrx_word' id='word_1_289' title='bbox 1385 2030 1447 2064; x_wconf 89' lang='lat' dir='ltr'><strong>est</strong></span> <span class='ocrx_word' id='word_1_290' title='bbox 1458 2039 1468 2071; x_wconf 82' lang='lat'><em>3</em></span> <span class='ocrx_word' id='word_1_291' title='bbox 1490 2038 1512 2063; x_wconf 88' lang='lat' dir='ltr'><strong>e</strong></span> <span class='ocrx_word' id='word_1_292' title='bbox 1530 2023 1564 2064; x_wconf 71' lang='lat' dir='ltr'><strong>ti</strong></span> <span class='ocrx_word' id='word_1_293' title='bbox 1577 2024 1745 2077; x_wconf 83' lang='lat' dir='ltr'><strong>domus)</strong></span> 
     </span>
     <span class='ocr_line' id='line_1_29' title="bbox 200 2093 1742 2150; baseline -0.006 -7"><span class='ocrx_word' id='word_1_294' title='bbox 200 2103 315 2144; x_wconf 80' lang='lat' dir='ltr'><strong>Mab.</strong></span> <span class='ocrx_word' id='word_1_295' title='bbox 339 2105 377 2150; x_wconf 84' lang='grc'><strong>3,</strong></span> <span class='ocrx_word' id='word_1_296' title='bbox 401 2103 468 2139; x_wconf 84' lang='lat'><strong>95.</strong></span> <span class='ocrx_word' id='word_1_297' title='bbox 496 2098 607 2139; x_wconf 66' lang='lat' dir='ltr'><strong>teulzc</strong></span> <span class='ocrx_word' id='word_1_298' title='bbox 629 2096 805 2147; x_wconf 81' lang='lat' dir='ltr'><strong>(familia</strong></span> <span class='ocrx_word' id='word_1_299' title='bbox 818 2113 828 2145; x_wconf 85' lang='lat'><em>3</em></span> <span class='ocrx_word' id='word_1_300' title='bbox 856 2097 938 2137; x_wconf 70' lang='lat' dir='ltr'><strong>tela</strong></span> <span class='ocrx_word' id='word_1_301' title='bbox 959 2096 1005 2136; x_wconf 92' lang='lat' dir='ltr'><strong>in</strong></span> <span class='ocrx_word' id='word_1_302' title='bbox 1026 2097 1116 2136; x_wconf 90' lang='lat' dir='ltr'><strong>cod.</strong></span> <span class='ocrx_word' id='word_1_303' title='bbox 1137 2097 1163 2135; x_wconf 87' lang='lat' dir='ltr'>J</span> <span class='ocrx_word' id='word_1_304' title='bbox 1168 2095 1317 2135; x_wconf 85' lang='lat' dir='ltr'><strong>uvenci</strong></span> <span class='ocrx_word' id='word_1_305' title='bbox 1339 2094 1557 2143; x_wconf 82' lang='lat' dir='ltr'><strong>Cantabr.,</strong></span> <span class='ocrx_word' id='word_1_306' title='bbox 1579 2093 1742 2134; x_wconf 85' lang='lat' dir='ltr'><strong>hibern.</strong></span> 
     </span>
     <span class='ocr_line' id='line_1_30' title="bbox 201 2163 1746 2227; baseline -0.006 -14"><span class='ocrx_word' id='word_1_307' title='bbox 201 2172 379 2227; x_wconf 67' lang='lat' dir='ltr'><strong>teylaclz)</strong></span> <span class='ocrx_word' id='word_1_308' title='bbox 403 2172 505 2222; x_wconf 75' lang='lat' dir='ltr'><strong>Leg.</strong></span> <span class='ocrx_word' id='word_1_309' title='bbox 531 2168 647 2208; x_wconf 82' lang='lat' dir='ltr'><strong>Mab.</strong></span> <span class='ocrx_word' id='word_1_310' title='bbox 673 2167 730 2221; x_wconf 85' lang='lat' dir='ltr'><strong>fq.</strong></span> <span class='ocrx_word' id='word_1_311' title='bbox 764 2173 852 2208; x_wconf 79' lang='lat' dir='ltr'><strong>tern</strong></span> <span class='ocrx_word' id='word_1_312' title='bbox 875 2167 991 2220; x_wconf 90' lang='lat' dir='ltr'><strong>(hod.</strong></span> <span class='ocrx_word' id='word_1_313' title='bbox 1019 2172 1160 2221; x_wconf 68' lang='lat' dir='ltr'><strong>leym,</strong></span> <span class='ocrx_word' id='word_1_314' title='bbox 1186 2165 1400 2217; x_wconf 86' lang='lat' dir='ltr'><strong>dominus)</strong></span> <span class='ocrx_word' id='word_1_315' title='bbox 1431 2163 1476 2204; x_wconf 89' lang='lat' dir='ltr'><strong>in</strong></span> <span class='ocrx_word' id='word_1_316' title='bbox 1503 2164 1746 2205; x_wconf 88' lang='lat' dir='ltr'><strong>nominibus</strong></span> 
     </span>
     <span class='ocr_line' id='line_1_31' title="bbox 200 2235 1746 2297; baseline -0.006 -13"><span class='ocrx_word' id='word_1_317' title='bbox 200 2241 463 2297; x_wconf 85' lang='lat' dir='ltr'><strong>compositis:</strong></span> <span class='ocrx_word' id='word_1_318' title='bbox 497 2240 632 2280; x_wconf 75' lang='lat' dir='ltr'><strong>Etern</strong></span> <span class='ocrx_word' id='word_1_319' title='bbox 655 2237 749 2279; x_wconf 94' lang='lat' dir='ltr'><strong>Lib.</strong></span> <span class='ocrx_word' id='word_1_320' title='bbox 776 2239 911 2278; x_wconf 74' lang='lat' dir='ltr'><strong>Land.</strong></span> <span class='ocrx_word' id='word_1_321' title='bbox 940 2241 1035 2277; x_wconf 75' lang='lat'><strong>240.</strong></span> <span class='ocrx_word' id='word_1_322' title='bbox 1066 2238 1213 2278; x_wconf 71' lang='lat' dir='ltr'><strong>Edem</strong></span> <span class='ocrx_word' id='word_1_323' title='bbox 1244 2236 1360 2276; x_wconf 78' lang='lat' dir='ltr'><strong>Mab.</strong></span> <span class='ocrx_word' id='word_1_324' title='bbox 1388 2239 1435 2283; x_wconf 92' lang='grc'><strong>2,</strong></span> <span class='ocrx_word' id='word_1_325' title='bbox 1465 2239 1511 2274; x_wconf 87' lang='grc'>19</span> <span class='ocrx_word' id='word_1_326' title='bbox 1537 2235 1606 2287; x_wconf 82' lang='lat' dir='ltr'><strong>(cf.</strong></span> <span class='ocrx_word' id='word_1_327' title='bbox 1638 2236 1746 2275; x_wconf 81' lang='lat' dir='ltr'><strong>Aer-</strong></span> 
     </span>
     <span class='ocr_line' id='line_1_32' title="bbox 203 2304 1747 2363; baseline -0.008 -8"><span class='ocrx_word' id='word_1_328' title='bbox 203 2314 317 2355; x_wconf 69' lang='lat' dir='ltr'><strong>thira</strong></span> <span class='ocrx_word' id='word_1_329' title='bbox 339 2312 389 2352; x_wconf 91' lang='lat' dir='ltr'><strong>L.</strong></span> <span class='ocrx_word' id='word_1_330' title='bbox 416 2310 552 2350; x_wconf 84' lang='lat' dir='ltr'><strong>Land.</strong></span> <span class='ocrx_word' id='word_1_331' title='bbox 583 2311 675 2348; x_wconf 82' lang='grc'><strong>142.</strong></span> <span class='ocrx_word' id='word_1_332' title='bbox 701 2309 853 2363; x_wconf 74' lang='lat' dir='ltr'><strong>Edyrn</strong></span> <span class='ocrx_word' id='word_1_333' title='bbox 876 2309 992 2348; x_wconf 80' lang='lat' dir='ltr'><strong>Mab.</strong></span> <span class='ocrx_word' id='word_1_334' title='bbox 1015 2312 1053 2357; x_wconf 90' lang='grc'><strong>2,</strong></span> <span class='ocrx_word' id='word_1_335' title='bbox 1080 2311 1146 2357; x_wconf 87' lang='grc'><strong>23,</strong></span> <span class='ocrx_word' id='word_1_336' title='bbox 1172 2314 1213 2347; x_wconf 83' lang='lat' dir='ltr'><strong>et</strong></span> <span class='ocrx_word' id='word_1_337' title='bbox 1234 2321 1358 2360; x_wconf 82' lang='lat' dir='ltr'><strong>supra</strong></span> <span class='ocrx_word' id='word_1_338' title='bbox 1379 2305 1490 2345; x_wconf 81' lang='lat' dir='ltr'><strong>dicta</strong></span> <span class='ocrx_word' id='word_1_339' title='bbox 1510 2319 1645 2359; x_wconf 82' lang='lat' dir='ltr'><strong>comp.</strong></span> <span class='ocrx_word' id='word_1_340' title='bbox 1671 2304 1747 2345; x_wconf 75' lang='lat' dir='ltr'><strong>-tz&#39;-</strong></span> 
     </span>
     <span class='ocr_line' id='line_1_33' title="bbox 199 2373 1744 2439; baseline -0.006 -16"><span class='ocrx_word' id='word_1_341' title='bbox 199 2385 332 2439; x_wconf 72' lang='lat' dir='ltr'><strong>qim).</strong></span> <span class='ocrx_word' id='word_1_342' title='bbox 372 2382 474 2421; x_wconf 89' lang='lat' dir='ltr'><strong>Ideo</strong></span> <span class='ocrx_word' id='word_1_343' title='bbox 496 2387 537 2420; x_wconf 81' lang='lat' dir='ltr'><strong>et</strong></span> <span class='ocrx_word' id='word_1_344' title='bbox 557 2394 700 2420; x_wconf 88' lang='lat' dir='ltr'><strong>vocem</strong></span> <span class='ocrx_word' id='word_1_345' title='bbox 719 2378 931 2427; x_wconf 64' lang='lat' dir='ltr'><strong>breerzhz&#39;n,</strong></span> <span class='ocrx_word' id='word_1_346' title='bbox 958 2377 1170 2426; x_wconf 65' lang='lat' dir='ltr'><strong>breembm,</strong></span> <span class='ocrx_word' id='word_1_347' title='bbox 1192 2375 1409 2424; x_wconf 70' lang='lat' dir='ltr'><strong>brennltz&#39;n,</strong></span> <span class='ocrx_word' id='word_1_348' title='bbox 1432 2373 1605 2414; x_wconf 78' lang='lat' dir='ltr'><strong>bremzin</strong></span> <span class='ocrx_word' id='word_1_349' title='bbox 1629 2375 1744 2427; x_wconf 84' lang='lat' dir='ltr'><strong>(rex3</strong></span> 
     </span>
     <span class='ocr_line' id='line_1_34' title="bbox 203 2443 1748 2503; baseline -0.006 -9"><span class='ocrx_word' id='word_1_350' title='bbox 203 2455 301 2495; x_wconf 89' lang='lat' dir='ltr'><strong>hod.</strong></span> <span class='ocrx_word' id='word_1_351' title='bbox 328 2451 492 2503; x_wconf 65' lang='lat' dir='ltr'><strong>breuia)</strong></span> <span class='ocrx_word' id='word_1_352' title='bbox 514 2450 559 2490; x_wconf 88' lang='lat' dir='ltr'><strong>in</strong></span> <span class='ocrx_word' id='word_1_353' title='bbox 589 2450 683 2490; x_wconf 88' lang='lat' dir='ltr'><strong>libr.</strong></span> <span class='ocrx_word' id='word_1_354' title='bbox 710 2450 898 2490; x_wconf 84' lang='lat' dir='ltr'><strong>Landav.</strong></span> <span class='ocrx_word' id='word_1_355' title='bbox 923 2463 966 2502; x_wconf 93' lang='lat' dir='ltr'><strong>p.</strong></span> <span class='ocrx_word' id='word_1_356' title='bbox 996 2452 1070 2486; x_wconf 84' lang='lat'><strong>113</strong></span> <span class='ocrx_word' id='word_1_357' title='bbox 1096 2447 1193 2487; x_wconf 87' lang='lat' dir='ltr'><strong>licet</strong></span> <span class='ocrx_word' id='word_1_358' title='bbox 1221 2445 1439 2486; x_wconf 84' lang='lat' dir='ltr'><strong>restituere</strong></span> <span class='ocrx_word' id='word_1_359' title='bbox 1465 2443 1510 2484; x_wconf 91' lang='lat' dir='ltr'><strong>in</strong></span> <span class='ocrx_word' id='word_1_360' title='bbox 1541 2444 1748 2498; x_wconf 68' lang='lat' dir='ltr'><strong>brv&#39;yentin</strong></span> 
     </span>
     <span class='ocr_line' id='line_1_35' title="bbox 204 2514 1748 2577; baseline -0.008 -12"><span class='ocrx_word' id='word_1_361' title='bbox 204 2540 255 2566; x_wconf 83' lang='lat' dir='ltr'><strong>ex</strong></span> <span class='ocrx_word' id='word_1_362' title='bbox 276 2523 358 2577; x_wconf 86' lang='lat' dir='ltr'><strong>adj.</strong></span> <span class='ocrx_word' id='word_1_363' title='bbox 381 2523 455 2576; x_wconf 75' lang='lat' dir='ltr'><strong>bry</strong></span> <span class='ocrx_word' id='word_1_364' title='bbox 474 2521 628 2573; x_wconf 80' lang='lat' dir='ltr'><strong>(altus3</strong></span> <span class='ocrx_word' id='word_1_365' title='bbox 655 2519 707 2559; x_wconf 88' lang='lat' dir='ltr'><strong>cf.</strong></span> <span class='ocrx_word' id='word_1_366' title='bbox 728 2534 771 2573; x_wconf 88' lang='lat' dir='ltr'><strong>p.</strong></span> <span class='ocrx_word' id='word_1_367' title='bbox 792 2520 904 2571; x_wconf 89' lang='grc'>101),</span> <span class='ocrx_word' id='word_1_368' title='bbox 926 2525 1051 2571; x_wconf 83' lang='lat' dir='ltr'><strong>atque</strong></span> <span class='ocrx_word' id='word_1_369' title='bbox 1069 2518 1200 2558; x_wconf 90' lang='lat' dir='ltr'><strong>subst.</strong></span> <span class='ocrx_word' id='word_1_370' title='bbox 1227 2516 1362 2556; x_wconf 75' lang='lat' dir='ltr'><strong>breint</strong></span> <span class='ocrx_word' id='word_1_371' title='bbox 1383 2514 1686 2569; x_wconf 82' lang='lat' dir='ltr'><strong>(privilegium)</strong></span> <span class='ocrx_word' id='word_1_372' title='bbox 1703 2514 1748 2554; x_wconf 92' lang='lat' dir='ltr'><strong>in</strong></span> 
     </span>
     <span class='ocr_line' id='line_1_36' title="bbox 205 2585 1749 2644; baseline -0.007 -8"><span class='ocrx_word' id='word_1_373' title='bbox 205 2596 351 2636; x_wconf 89' lang='lat' dir='ltr'><strong>eodem</strong></span> <span class='ocrx_word' id='word_1_374' title='bbox 366 2593 456 2633; x_wconf 90' lang='lat' dir='ltr'><strong>loco</strong></span> <span class='ocrx_word' id='word_1_375' title='bbox 472 2606 549 2632; x_wconf 88' lang='lat' dir='ltr'><strong>nec</strong></span> <span class='ocrx_word' id='word_1_376' title='bbox 565 2605 651 2631; x_wconf 91' lang='lat' dir='ltr'><strong>non</strong></span> <span class='ocrx_word' id='word_1_377' title='bbox 674 2604 800 2644; x_wconf 85' lang='lat' dir='ltr'><strong>supra</strong></span> <span class='ocrx_word' id='word_1_378' title='bbox 820 2588 980 2629; x_wconf 89' lang='lat' dir='ltr'><strong>dictum</strong></span> <span class='ocrx_word' id='word_1_379' title='bbox 1000 2602 1156 2629; x_wconf 85' lang='lat' dir='ltr'><strong>nomen</strong></span> <span class='ocrx_word' id='word_1_380' title='bbox 1172 2586 1297 2627; x_wconf 70' lang='lat' dir='ltr'><strong>Breit</strong></span> <span class='ocrx_word' id='word_1_381' title='bbox 1316 2586 1360 2626; x_wconf 91' lang='lat' dir='ltr'><strong>in</strong></span> <span class='ocrx_word' id='word_1_382' title='bbox 1382 2585 1556 2640; x_wconf 69' lang='lat' dir='ltr'><strong>brz&#39;qent,</strong></span> <span class='ocrx_word' id='word_1_383' title='bbox 1578 2585 1706 2639; x_wconf 72' lang='lat' dir='ltr'><strong>brz&#39;qit</strong></span> <span class='ocrx_word' id='word_1_384' title='bbox 1726 2600 1749 2625; x_wconf 86' lang='lat' dir='ltr'><strong>e</strong></span> 
     </span>
     <span class='ocr_line' id='line_1_37' title="bbox 206 2655 1749 2716; baseline -0.007 -10"><span class='ocrx_word' id='word_1_385' title='bbox 206 2667 338 2706; x_wconf 87' lang='lat' dir='ltr'><strong>subst.</strong></span> <span class='ocrx_word' id='word_1_386' title='bbox 366 2662 433 2704; x_wconf 73' lang='lat' dir='ltr'><strong>bri</strong></span> <span class='ocrx_word' id='word_1_387' title='bbox 453 2662 633 2716; x_wconf 91' lang='lat' dir='ltr'><strong>(hibern.</strong></span> <span class='ocrx_word' id='word_1_388' title='bbox 656 2661 761 2714; x_wconf 69' lang='lat' dir='ltr'><strong>briq,</strong></span> <span class='ocrx_word' id='word_1_389' title='bbox 782 2675 824 2714; x_wconf 90' lang='lat' dir='ltr'><strong>p.</strong></span> <span class='ocrx_word' id='word_1_390' title='bbox 843 2663 909 2698; x_wconf 82' lang='lat'><strong>26.</strong></span> <span class='ocrx_word' id='word_1_391' title='bbox 931 2660 1027 2710; x_wconf 84' lang='lat'>115)</span> <span class='ocrx_word' id='word_1_392' title='bbox 1045 2672 1141 2698; x_wconf 90' lang='lat' dir='ltr'><strong>cum</strong></span> <span class='ocrx_word' id='word_1_393' title='bbox 1158 2658 1361 2711; x_wconf 83' lang='lat' dir='ltr'><strong>producta</strong></span> <span class='ocrx_word' id='word_1_394' title='bbox 1381 2655 1528 2705; x_wconf 81' lang='lat' dir='ltr'><strong>vocali,</strong></span> <span class='ocrx_word' id='word_1_395' title='bbox 1550 2657 1601 2696; x_wconf 94' lang='lat' dir='ltr'><strong>ob</strong></span> <span class='ocrx_word' id='word_1_396' title='bbox 1623 2670 1749 2709; x_wconf 84' lang='lat' dir='ltr'><strong>quam</strong></span> 
     </span>
     <span class='ocr_line' id='line_1_38' title="bbox 206 2726 1749 2784; baseline -0.007 -8"><span class='ocrx_word' id='word_1_397' title='bbox 206 2736 251 2776; x_wconf 90' lang='lat' dir='ltr'><strong>in</strong></span> <span class='ocrx_word' id='word_1_398' title='bbox 280 2735 443 2776; x_wconf 89' lang='lat' dir='ltr'><strong>duobus</strong></span> <span class='ocrx_word' id='word_1_399' title='bbox 475 2732 566 2773; x_wconf 82' lang='lat' dir='ltr'><strong>aliis</strong></span> <span class='ocrx_word' id='word_1_400' title='bbox 595 2730 695 2771; x_wconf 87' lang='lat' dir='ltr'><strong>locis</strong></span> <span class='ocrx_word' id='word_1_401' title='bbox 717 2729 903 2784; x_wconf 90' lang='lat' dir='ltr'><strong>ejusdem</strong></span> <span class='ocrx_word' id='word_1_402' title='bbox 924 2727 1133 2782; x_wconf 88' lang='lat' dir='ltr'><strong>privilegii</strong></span> <span class='ocrx_word' id='word_1_403' title='bbox 1154 2726 1349 2767; x_wconf 81' lang='lat' dir='ltr'><strong>ecclesiae</strong></span> <span class='ocrx_word' id='word_1_404' title='bbox 1372 2726 1658 2767; x_wconf 82' lang='lat' dir='ltr'><strong>Landavensis</strong></span> <span class='ocrx_word' id='word_1_405' title='bbox 1679 2726 1749 2765; x_wconf 83' lang='lat' dir='ltr'><strong>ad—</strong></span> 
     </span>
     <span class='ocr_line' id='line_1_39' title="bbox 206 2796 1744 2857; baseline -0.007 -11"><span class='ocrx_word' id='word_1_406' title='bbox 206 2808 288 2846; x_wconf 89' lang='lat' dir='ltr'><strong>huc</strong></span> <span class='ocrx_word' id='word_1_407' title='bbox 310 2804 503 2846; x_wconf 88' lang='lat' dir='ltr'><strong>scribitur</strong></span> <span class='ocrx_word' id='word_1_408' title='bbox 525 2801 700 2857; x_wconf 69' lang='lat' dir='ltr'><strong>bryeint.</strong></span> <span class='ocrx_word' id='word_1_409' title='bbox 733 2798 925 2840; x_wconf 85' lang='lat' dir='ltr'><strong>Abolitae</strong></span> <span class='ocrx_word' id='word_1_410' title='bbox 938 2812 967 2851; x_wconf 71' lang='grc'><em>9</em></span> <span class='ocrx_word' id='word_1_411' title='bbox 983 2797 1027 2837; x_wconf 91' lang='lat' dir='ltr'><strong>in</strong></span> <span class='ocrx_word' id='word_1_412' title='bbox 1044 2798 1127 2838; x_wconf 89' lang='lat' dir='ltr'><strong>fine</strong></span> <span class='ocrx_word' id='word_1_413' title='bbox 1144 2812 1294 2837; x_wconf 90' lang='lat' dir='ltr'><strong>vocum</strong></span> <span class='ocrx_word' id='word_1_414' title='bbox 1311 2796 1501 2851; x_wconf 77' lang='lat' dir='ltr'><strong>exempla</strong></span> <span class='ocrx_word' id='word_1_415' title='bbox 1519 2797 1744 2850; x_wconf 83' lang='lat' dir='ltr'><strong>quaedam:</strong></span> 
     </span>
    </p>
   </div>
  </div>
 </body>
</html>
