1897 3072
201 95 376 130 XLVIII
847 103 1108 131 PRAEFATIO.

200 206 397 252 matices
422 204 718 266 analogiam,
761 221 803 251 e.
843 222 914 267 gr.
954 206 1268 267 separationis
1301 207 1644 267 pronominum
1679 207 1755 253 111-

200 287 410 331 fixorum
447 301 557 330 cum
591 285 842 345 particulis
866 286 1268 345 praecedentibus
1303 303 1330 331 a
1355 286 1512 331 verbis
1538 286 1614 331 vel
1639 288 1754 332 sub—

199 364 420 411 stantivis
455 365 792 423 sequentibus,
856 380 980 423 quae
1015 365 1154 411 solita
1199 372 1269 410 est
1310 365 1362 410 111
1401 365 1653 411 cambricis
1696 365 1755 410 li—

199 444 313 490 bris.
379 444 630 494 Quaedam
658 450 849 488 tantum
874 443 1081 488 nimium
1104 443 1349 489 laedentia
1382 460 1559 504 purum
1595 461 1753 506 gram—

199 523 397 569 matices
429 538 571 568 usum
608 522 745 581 sequi
780 522 941 575 nolui,
992 527 1048 567 ut
1084 522 1459 584 disjunctionem
1490 521 1752 569 formarum

198 601 609 663 praepositionum
637 618 747 647 cum
765 601 1132 662 pronominibus
1151 602 1523 648 coalescentium
1548 602 1625 648 vel
1649 619 1754 648 ver—

198 681 384 727 balium
409 679 671 726 formarum
697 697 846 726 unam
871 697 1037 726 vocem
1062 681 1486 734 constituentium,
1526 698 1649 740 quae
1676 698 1754 727 00-

199 761 348 807 currit
365 761 416 805 in
431 760 643 806 editione
663 760 888 805 carminis
907 759 1085 805 cornici
1104 761 1162 804 de
1175 760 1403 805 Passione
1423 776 1464 805 e.
1489 776 1560 821 gr.
1589 761 1640 806 in
1658 778 1754 807 ww·

198 841 347 893 necho,
373 856 407 901 3]
434 840 519 891 the,
544 856 579 901 3]
601 840 689 892 fleo,
714 855 750 900 y
772 840 892 885 these
916 855 1001 899 pro
1018 839 1261 891 warnetleo,
1280 840 1406 900 Jstlec,
1424 839 1553 901 ytlzo,
1571 841 1746 901 ytlzese.

199 919 337 970 Quae
373 918 632 980 disjunctio
657 918 780 963 mira
813 918 959 963 etiam
984 918 1035 963 in
1062 917 1314 963 cambricis
1351 918 1646 964 editionibus
1678 918 1755 964 111-

200 999 390 1045 terdum
408 997 602 1059 legitur,
636 997 759 1043 utin
772 999 908 1043 Mab.
939 998 978 1050 1,
1011 997 1088 1042 19.
1114 997 1236 1043 249:
1268 1013 1291 1043 0
1313 997 1484 1061 leonafi,
1517 1014 1539 1044 ο
1567 999 1747 1052 honam,

198 1094 221 1124 ο
248 1078 402 1130 leonat,
435 1082 484 1122 et
508 1077 559 1122 in
584 1076 719 1122 libris
744 1076 943 1138 linguae
969 1076 1229 1121 armoricae
1253 1076 1530 1131 hodiernae,
1563 1084 1619 1124 ut
1636 1095 1754 1125 war—

200 1172 369 1207 η-οῑιη,
408 1156 757 1207 u·a7·—7z-e:lean‚
797 1171 884 1216 pro
916 1171 1153 1208 ιυανηοῑιη,
1196 1172 1465 1208 warnexan,
1511 1157 1562 1202 in
1588 1157 1753 1204 formis

198 1235 352 1280 auctis
379 1235 510 1287 oleon,
542 1251 670 1280 wara
696 1234 773 1280 vel
801 1251 979 1280 warne:
1003 1234 1416 1294 praepositionum
1443 1251 1482 1287 0,
1518 1252 1613 1282 war
1638 1242 1750 1282 ante

198 1313 485 1375 pronomina
510 1312 698 1359 suffixa.
749 1313 1102 1359 Grammaticos
1129 1319 1199 1359 est
1225 1314 1300 1359 vel
1324 1314 1485 1366 lexici,
1518 1331 1615 1360 non
1641 1315 1756 1360 scri-

198 1399 370 1454 pturae
395 1393 628 1445 usitatae,
676 1393 849 1437 harum
884 1391 1147 1437 formarum
1180 1400 1338 1438 ortum
1377 1395 1654 1448 ostendere,
1698 1401 1754 1440 ut

199 1473 316 1518 alias
342 1488 430 1525 res,
464 1488 505 1517 e.
528 1488 599 1533 gr.
626 1471 909 1517 varietatem
931 1472 1217 1531 quantitatis
1243 1472 1319 1517 vel
1344 1473 1754 1532 pronuntiationis

201 1552 454 1605 vocalium,
487 1566 611 1609 quae
638 1550 1003 1611 conspiciuntur
1023 1551 1073 1596 in
1092 1550 1337 1597 hodiernis
1355 1551 1490 1597 libris
1511 1552 1755 1598 armoricis

200 1637 424 1676 oneratae
459 1630 600 1675 variis
638 1630 939 1683 accentibus,
996 1646 1114 1690 quos
1161 1631 1299 1676 omisi
1343 1631 1588 1684 consulto,
1644 1648 1756 1676 cum

200 1727 297 1755 11011
333 1709 493 1755 adsint
527 1709 577 1754 in
611 1707 970 1754 vetustioribus.
1029 1709 1271 1755 Cambrici
1305 1710 1416 1755 libri
1450 1710 1595 1755 etiam
1629 1710 1756 1771 ejlis—

201 1788 331 1834 modi
357 1794 611 1833 accentum
647 1787 963 1833 recentiorem
989 1789 1221 1838 offerunt,
1261 1790 1344 1834 sed
1370 1805 1523 1833 111111111
1549 1789 1754 1834 circum-

201 1868 383 1914 flexum
408 1868 460 1912 in
486 1867 732 1912 vocalibus
758 1867 1030 1927 productis.
1071 1875 1125 1914 ut
1158 1869 1209 1913 in
1228 1871 1355 1930 ywln
1385 1868 1581 1929 [vinum]
1603 1907 1610 1914 .
1654 1884 1756 1914 sae-

201 1947 408 2008 piusque
434 1947 484 1991 in
512 1946 742 2006 correptis
767 1947 991 2007 primitus
1024 1953 1071 1993 et
1098 1964 1125 1993 a
1149 1947 1414 1993 recentiore
1451 1948 1621 2009 lingua
1646 1964 1763 2008 pro->

202 2026 385 2079 ductis,
432 2042 473 2071 e.
505 2042 577 2087 gr.
608 2026 659 2070 in
687 2027 763 2071 idn
804 2026 977 2087 gignisffl
1020 2027 1177 2072 verbis
1210 2027 1261 2072 in
1286 2028 1402 2079 -ἅιι,
1450 2027 1531 2072 he'u
1572 2026 1749 2088 (senex)

202 2113 315 2159 etc„
363 2111 418 2150 ut
458 2105 496 2150 si
530 2104 766 2150 scribatur
798 2106 1072 2166 germanice
1108 2107 1225 2168 wey,
1266 2107 1404 2168 yeme,
1448 2121 1556 2151 cum
1592 2121 1614 2151 e
1646 2121 1756 2166 pro-

204 2187 350 2230 ducta
388 2184 532 2230 hodie
572 2184 677 2230 1000
710 2190 955 2244 correptae
1000 2185 1273 2245 primitivae
1308 2202 1330 2230 e
1362 2185 1439 2230 vel
1480 2187 1496 2230 i
1531 2184 1582 2230 in
1615 2185 1749 2245 goth.

203 2266 318 2325 mys,
343 2264 473 2324 gyzssba,
506 2280 656 2324 germ.
688 2270 783 2309 vet.
816 2280 948 2326 mle-q,
974 2265 1106 2326 yibn.

342 2343 480 2392 Quae
517 2344 646 2402 apud
684 2343 971 2388 Marcellum
1007 2343 1443 2404 Burdegalensem,
1491 2341 1755 2403 Virgilium

205 2420 572 2483 grammaticum
593 2459 600 2472 ,
642 2421 692 2466 in
718 2422 875 2482 glossa
907 2423 1200 2483 malbergica
1224 2422 1455 2482 leguntur
1479 2421 1748 2481 peregrina,

204 2499 426 2546 inaudita
450 2499 527 2544 vel
551 2499 822 2560 incognita,
862 2501 900 2546 si
935 2501 1043 2559 quis
1076 2500 1367 2559 quaesiverit
1399 2500 1450 2545 in
1475 2500 1565 2545 hoc
1591 2516 1747 2560 opere.

205 2596 303 2626 non
336 2578 579 2633 inveniet,
623 2578 674 2623 in
707 2578 781 2623 his
816 2579 1040 2625 omnibus
1073 2579 1203 2624 enim
1224 2578 1448 2637 equidem
1475 2595 1563 2624 1100
1591 2578 1753 2624 inveni

206 2674 371 2704 vocem
398 2657 616 2702 celticam
643 2673 730 2702 nec
756 2657 967 2703 invenio.

345 2738 438 2783 Sed
477 2742 739 2795 antequam
772 2737 918 2798 hujus
950 2737 1063 2782 libri
1097 2738 1243 2782 finem
1275 2736 1422 2790 facio,
1464 2736 1586 2783 mihi
1620 2743 1755 2799 grato

208 2815 368 2861 animo
394 2817 813 2862 commemoranda
838 2821 908 2861 est
936 2816 1143 2861 virorum
1169 2817 1418 2862 doctorum
1445 2817 1493 2863 e't
1518 2816 1753 2862 clarorum
