1897 3072
159 54 239 94 200
301 55 337 94 Ι.
368 57 406 92 2.
465 65 759 94 coNsoNARUM
785 64 1131 93 HIBERNICARUM
1156 65 1473 94 INCHOANTIUM
1496 68 1697 97 ECLIPSIS.

274 167 323 207 C.
368 166 389 205 I
402 181 431 205 n
441 165 606 206 sectio
641 180 735 206 nas
748 165 852 206 alis
888 165 932 206 in
962 172 1127 206 vetusta
1155 165 1301 219 lingua
1321 165 1535 208 hibernica
1556 168 1601 208 in
1621 181 1702 207 me-

162 237 230 278 dio
261 244 302 277 et
332 238 416 277 fine
453 251 604 277 vocum
640 236 900 277 solummodo
940 235 1080 285 obvia,
1120 235 1173 275 in
1186 236 1233 276 fe
1246 251 1266 276 c
1280 236 1356 277 tio
1392 238 1449 278 de
1461 253 1479 278 s
1495 238 1563 279 tit
1574 253 1599 277 u
1611 252 1632 278 e
1643 253 1672 278 n
1684 252 1702 278 s

160 309 296 349 eidem
325 307 497 349 omnino
526 307 670 361 ignota
701 313 777 346 est.
822 307 877 346 In
908 305 1109 346 hodierna
1136 307 1306 347 demum
1326 307 1473 363 lingua
1492 308 1703 349 hibernica

159 378 330 419 infectio
361 386 538 432 utraque
570 393 657 418 non
686 377 822 417 solum
851 376 895 417 in
916 377 1053 417 medio
1075 385 1116 417 et
1137 379 1220 417 fine
1242 377 1403 418 obtinet
1425 378 1608 425 (infectio
1629 394 1703 418 na-

161 450 258 490 salis
279 464 322 503 p.
352 454 417 498 74,
443 449 676 489 destituens
697 463 740 502 p.
769 450 861 501 87),
888 448 960 488 sed
981 448 1107 488 etiam
1137 447 1182 488 in
1203 448 1324 488 initio
1346 464 1508 498 vocum,
1534 448 1704 489 dicitur-

162 535 242 574 que
259 519 462 560 inchoans
480 519 581 560 haec
599 526 775 572 utraque
793 518 1005 558 communi
1021 519 1223 559 vocabulo
1245 520 1405 573 eclips
1417 520 1457 559 2⁰3
1474 520 1525 559 ab
1541 519 1704 559 hodier-

161 591 226 631 nis
257 589 540 644 grammaticis
573 591 632 643 (p.
663 592 747 642 76).
793 589 861 629 Fit
891 596 1032 630 autem
1060 590 1224 643 eclipsis
1250 598 1345 644 post
1372 590 1620 644 pronomina
1641 589 1707 630 vel

161 661 387 716 particulas
420 660 660 701 terminatas
689 660 741 700 ab
762 675 804 708 n,
830 674 936 713 quae
958 660 1001 699 in
1023 668 1189 700 vetusta
1209 660 1355 714 lingua
1376 668 1542 700 servant
1562 676 1589 700 n
1611 667 1708 700 ante

162 733 323 773 vocales
345 739 386 772 et
406 732 579 780 medias,
601 731 672 771 sed
689 729 892 783 abjiciunt
909 738 1006 771 ante
1025 739 1186 781 tenues,
1207 747 1226 772 s
1243 739 1283 771 et
1292 732 1335 785 f
1347 732 1407 784 (p.
1426 736 1492 770 53.
1511 732 1596 785 54),
1617 730 1707 784 qui-

161 804 240 844 bus
270 802 441 843 voculae
472 802 677 856 quaedam
704 816 861 855 paucae
892 802 1118 850 accedunt,
1148 816 1326 855 quarum
1355 816 1441 841 non
1472 808 1533 841 est
1564 801 1709 841 eadem

161 873 356 929 primitus
384 873 630 927 proprietas.
675 873 751 913 Est
773 871 1007 912 accuratius
1029 871 1218 925 inspecta
1239 871 1410 924 duplex,
1435 871 1592 911 scilicet
1613 870 1708 910 ecli-

161 944 248 999 psis
270 943 517 992 mediarum,
539 957 644 996 quae
666 941 952 982 assimilantur
973 941 1316 995 pronuntiatione
1338 940 1602 995 praecedenti
1623 956 1650 981 72
1668 941 1709 994 (b

161 1013 427 1070 praecedenti
455 1016 535 1066 m),
569 1020 694 1066 atque
725 1011 890 1066 eclipsis
923 1011 1138 1061 tenuium,
1173 1026 1278 1066 quae
1312 1019 1407 1066 post
1437 1026 1655 1051 excussam
1683 1025 1711 1051 n

162 1084 508 1140 pronuntiatione
539 1082 829 1123 destituuntur
851 1084 1016 1136 (eodem
1045 1083 1169 1123 modo
1199 1090 1247 1123 ut
1267 1083 1312 1123 in
1333 1085 1417 1123 fine
1439 1082 1484 1122 in
1506 1082 1621 1130 ceucl,
1646 1080 1709 1120 hi-

162 1157 280 1197 bern.
305 1163 388 1195 vet.
415 1156 476 1195 ee't
495 1175 550 1188 =
571 1160 675 1203 cent,
701 1161 871 1194 centum
882 1170 893 1202 3
925 1153 969 1194 in
990 1154 1126 1194 medio
1147 1162 1241 1208 post
1262 1168 1284 1194 r
1304 1153 1349 1193 in
1369 1153 1529 1194 carbczd
1546 1173 1602 1186 Ξ
1623 1166 1710 1191 car·

163 1229 375 1282 pentum).
401 1225 590 1266 Priorem
602 1224 694 1264 ideo
706 1224 883 1265 dicimus
906 1239 927 1264 e
939 1225 985 1264 cl
998 1224 1049 1279 ip
1062 1239 1079 1264 s
1091 1224 1104 1264 i
1115 1240 1144 1264 n
1165 1240 1192 1264 n
1206 1241 1229 1265 a
1243 1240 1260 1264 s
1274 1240 1297 1265 a
1310 1225 1357 1264 le
1368 1239 1425 1274 m,
1440 1222 1711 1278 posteriorem

165 1300 192 1339 d
202 1313 222 1339 e
236 1313 253 1338 s
268 1298 308 1339 ti
322 1305 337 1338 t
349 1313 378 1337 u
388 1312 449 1337 en
464 1304 512 1337 te
523 1311 580 1345 m,
602 1295 636 1336 si
658 1295 852 1335 volumus
870 1295 1048 1335 retinere
1066 1294 1451 1335 denominationem
1468 1300 1713 1334 consuetam

164 1368 462 1424 grammaticis.
508 1366 682 1421 Proprie
710 1366 772 1406 nil
800 1373 860 1407 est
890 1366 973 1407 nisi
1004 1366 1173 1407 infectio
1202 1366 1356 1407 nasalis
1386 1365 1451 1405 vel
1479 1364 1711 1405 destituens

165 1440 210 1481 in
230 1439 352 1480 initio
375 1454 538 1480 vocum.

281 1515 317 1551 1.
352 1510 595 1565 Eclipsis
631 1510 845 1551 nasalis.
892 1509 1144 1551 Scribuntur
1175 1508 1344 1563 quidem
1374 1508 1510 1548 adhue
1531 1506 1707 1556 mediae,

164 1583 236 1622 sed
271 1597 358 1622 non
401 1581 756 1636 pronuntiantur,
791 1581 818 1621 i.
855 1595 890 1621 e.
931 1580 1218 1621 assimilantur
1259 1578 1525 1634 praecedenti
1560 1576 1708 1617 nas-ali.

166 1653 347 1707 Scriptio
375 1652 577 1693 hodierna
606 1651 712 1692 miro
741 1653 864 1692 modo
894 1653 995 1705 (quo
1025 1659 1165 1691 tamen
1193 1650 1362 1691 infectio
1383 1649 1538 1690 nasalis
1560 1647 1714 1688 media-

164 1739 259 1764 rum
280 1723 571 1764 inchoantium
593 1722 719 1762 simul
750 1737 845 1762 cum
867 1721 1118 1775 etymologia
1139 1721 1366 1774 indicatur)
1388 1720 1574 1760 nasalem
1595 1734 1618 1758 a
1640 1732 1715 1758 sua

165 1809 263 1835 voce
296 1802 459 1848 separat
488 1801 612 1847 atque
644 1792 805 1832 mediae
835 1792 1118 1831 obscurandae
1146 1790 1359 1844 praefigit:
1395 1804 1447 1829 (ιν
1474 1789 1631 1837 φηόνόη,
1658 1788 1714 1827 le-

164 1867 351 1920 gendum
373 1879 465 1905 arm
487 1867 562 1905 φ’όη
585 1865 658 1917 (==
679 1877 771 1904 cerm
794 1864 945 1915 φηνόη),
966 1876 1040 1916 pro
1063 1875 1154 1901 arm
1178 1861 1276 1900 ὒνόη,
1299 1862 1415 1913 (cura
1438 1861 1597 1912 nostra)
1610 1875 1621 1907 3
1649 1857 1716 1898 iar

165 1936 405 1985 nde'anadh,
431 1936 657 1990 legendum
679 1934 775 1975 iarn
804 1932 969 1973 &maella
1000 1934 1074 1985 (Ξ
1095 1931 1190 1972 iarn
1212 1933 1325 1980 nen„
1351 1931 1381 1971 d
1401 1937 1563 1971 mutata
1584 1928 1629 1969 in
1650 1931 1712 1982 n),

165 2024 240 2064 pro
270 2008 366 2048 iam
398 2006 593 2047 de'cmadh
624 2007 737 2059 (post
767 2005 958 2056 factum).
1004 2003 1090 2043 Alii
1111 2009 1206 2057 post
1226 2001 1413 2043 nasalem
1433 2000 1631 2040 lineolam
1652 1999 1715 2039 in-

167 2086 414 2134 terponunt:
449 2093 500 2119 ar
527 2075 806 2118 ryz-bnaehaill
832 2076 954 2128 (spuer
976 2075 1149 2127 noster),
1175 2088 1225 2113 (ιν
1251 2072 1373 2113 melia
1397 2073 1516 2125 (deus
1539 2072 1713 2123 noster).

166 2151 275 2191 Item
304 2150 410 2190 Μιαν
438 2148 603 2203 afflictis,
630 2147 735 2188 bhar
766 2145 935 2200 afflictis
967 2144 1221 2199 (periculum
1251 2144 1454 2195 vestrum)
1476 2156 1551 2196 pro
1583 2141 1717 2182 bharn

161 2221 314 2276 φὶ(ιῖ3,·
347 2221 418 2260 sed
450 2227 497 2259 ut
527 2218 569 2259 in
600 2225 766 2259 vetusta
787 2217 935 2271 lingua
956 2215 1210 2256 combinatio
1232 2230 1287 2269 ⁹²9
1309 2220 1495 2254 servatur
1516 2212 1559 2252 in
1581 2211 1718 2252 medio

165 2299 205 2332 ct
234 2292 317 2331 fine
348 2305 512 2339 vocum,
539 2289 665 2329 etiam
696 2289 740 2328 in
768 2288 971 2328 hodierna
1000 2285 1343 2340 pronuntiatione
1368 2299 1396 2338 9
1426 2298 1449 2323 a
1470 2281 1604 2323 nasali
1632 2296 1718 2323 non

166 2364 411 2403 obscuratur
440 2359 626 2409 omnino,
663 2361 734 2400 sed
762 2359 904 2408 habet,
937 2364 985 2398 ut
1012 2357 1159 2397 dicunt
1187 2353 1463 2410 grammatici,
1496 2351 1718 2393 dimidium

165 2448 330 2475 sonum.

283 2507 322 2543 2.
365 2503 401 2543 E
412 2501 521 2555 clip
534 2501 606 2542 sis
643 2502 669 2541 d
681 2516 702 2541 e
714 2517 731 2541 s
746 2508 761 2541 t
774 2501 787 2540 i
799 2508 815 2541 t
826 2516 855 2540 u
866 2514 887 2539 e
899 2515 928 2539 n
940 2514 973 2539 s.
1031 2497 1200 2539 Nasalis
1237 2495 1388 2536 finiens
1429 2492 1717 2548 praecedentis

164 2575 275 2617 vocis
298 2573 509 2615 excutitur
538 2579 634 2612 ante
665 2579 826 2621 tenues,
853 2578 901 2611 ut
923 2570 967 2610 in
997 2575 1162 2609 vetusta
1190 2567 1358 2620 lingua3
1385 2573 1531 2606 tenues
1554 2571 1711 2613 autem,

166 2661 267 2688 sono
306 2643 507 2685 destituto
543 2641 904 2697 pronuntiandae,
938 2639 1155 2680 scribendo
1192 2644 1412 2677 servantur
1448 2650 1578 2689 aeque
1613 2635 1719 2675 miro

165 2718 288 2758 modo
312 2718 413 2769 (quo
437 2722 577 2755 tamen
599 2711 816 2753 destitutio
839 2710 1033 2751 tenuium
1053 2709 1296 2761 indicatur),
1317 2708 1476 2761 positae
1495 2706 1652 2747 scilicet
1673 2704 1718 2744 in

163 2786 387 2841 originaria
407 2785 539 2825 forma
568 2790 664 2837 post
685 2781 946 2824 destitutam.
991 2779 1188 2833 Exempli
1208 2778 1342 2833 gratia
1363 2778 1519 2832 pdisde
1541 2777 1717 2830 (infans)
