1897 3072
764 127 1026 154 PRAEFATIO.
1522 115 1680 151 XXVII

127 231 337 277 Conradi
363 238 411 277 et
431 229 664 276 Friderici
684 230 1001 275 Barbarossae
1020 228 1342 290 capellanum,
1376 226 1548 273 habuit
1574 243 1681 272 suc-

126 327 374 364 cessorem,
402 310 485 370 qui
513 309 764 356 ecclesiam
786 310 833 355 S.
853 308 1054 371 Aegidii
1076 310 1098 321 “
1116 308 1312 368 quadris
1330 314 1378 354 et
1395 306 1683 353 naturaliter

124 390 380 436 rubricatis
405 390 651 451 lapidibus
676 389 994 442 construxit’ss
1035 394 1155 434 teste
1175 388 1399 434 Hiberno
1422 387 1677 433 monacho.

126 470 363 531 Gregorio
383 469 648 516 Christiani
672 485 941 515 successore
962 468 1308 514 monasterium
1328 467 1683 514 Ratisbonense

124 556 322 612 regente
349 550 694 596 Vindobonam
726 549 873 594 etiam
909 548 960 594 in
993 548 1339 594 monasterium
1372 548 1624 593 Scotorum
1657 562 1685 590 a

126 631 248 676 duce
285 630 521 675 Heinrico
556 629 836 674 institutum
879 627 1147 689 “viginti
1184 634 1442 687 quatuor
1480 625 1679 672 fratres‘'

126 711 214 754 sub
258 710 432 754 abbate
477 708 706 754 Sanc-tino
751 708 1128 759 descenderunt,
1185 707 1365 766 aliique
1403 706 1532 752 Scoti
1579 712 1683 751 tum

125 788 462 833 Eichstadium
487 788 699 848 primum
726 793 965 832 venerunt
993 786 1134 847 [Bon.
1156 787 1300 832 Febr.
1334 787 1379 840 2,
1414 786 1526 832 371.
1554 785 1675 837 372;

126 866 188 912 cf.
222 868 381 913 Pertz.
430 868 502 919 11,
549 867 680 929 617).
754 866 1001 912 Hibernos
1033 867 1121 912 hos
1154 882 1320 912 omnes
1357 872 1455 911 tam
1486 864 1686 910 nomina

127 963 273 1006 quam
298 947 509 993 narratio
535 947 641 1008 ipsa
674 947 1028 1002 demonstrant3
1070 946 1351 992 recentioris
1383 947 1579 992 demum
1606 960 1686 989 ae-

127 1027 240 1072 tatis
265 1028 464 1072 abbates
490 1034 538 1072 et
562 1026 755 1079 fratres,
802 1043 830 1071 a
854 1032 1045 1072 vetusta
1070 1025 1367 1072 abstinentia
1392 1031 1440 1071 et
1466 1024 1686 1070 doctrina

128 1106 493 1167 degenerantes,
526 1106 765 1151 contraria
784 1111 1021 1152 sectantes
1047 1113 1094 1152 et
1116 1107 1244 1152 bona
1261 1105 1678 1152 monasteriorum.

128 1187 247 1231 adeo
272 1186 481 1238 libros,
523 1186 867 1238 distrahentes,
901 1186 1181 1248 junioribus
1213 1201 1239 1231 e
1264 1185 1422 1246 patria
1447 1201 1545 1230 non
1571 1185 1685 1229 sub-

127 1266 467 1324 sequentibus,
508 1265 719 1312 colonias
754 1283 862 1312 suas
895 1267 947 1312 in
973 1265 1239 1312 Germania
1275 1265 1560 1311 continuare
1586 1280 1685 1309 non

128 1353 394 1405 potuerunt
426 1352 475 1391 et
500 1346 770 1392 Germanos
807 1362 1101 1392 successores
1126 1346 1428 1397 habuerunt,
1472 1344 1686 1406 primum

126 1423 450 1469 Vindobonae
478 1430 525 1469 et
551 1425 902 1488 Norimbergae
928 1426 1068 1471 annis
1100 1425 1224 1471 1413
1254 1431 1301 1471 et
1333 1425 1475 1477 1418,
1508 1423 1685 1469 deinde

127 1502 433 1565 V'irziburgi
466 1520 508 1548 a.
548 1504 672 1550 1497
706 1505 846 1566 (Bon.
878 1506 1023 1551 Febr.
1056 1505 1100 1555 2,
1131 1505 1243 1550 3152.
1294 1503 1473 1550 Oefelii
1501 1502 1678 1562 Script.

132 1582 174 1635 1,
209 1582 322 1628 342.
357 1583 471 1629 344.
506 1584 636 1646 350).
703 1585 1058 1631 Ratisbonense
1095 1584 1442 1630 monasterium
1473 1581 1683 1644 primiti-

125 1678 264 1716 vum,
307 1663 520 1708 Mariani
556 1665 713 1715 sedes,
755 1681 799 1710 a.
837 1665 962 1711 1552
1000 1664 1128 1711 bello
1162 1665 1463 1710 destructum
1497 1661 1685 1707 interiit

130 1741 324 1803 [Rader.
355 1742 476 1787 Bav.
508 1749 675 1788 sancta
701 1744 746 1797 2,
780 1743 912 1805 222.

260 1821 652 1884 Distinguendus
683 1829 754 1869 est
794 1824 854 1869 ab
888 1823 1063 1869 abbate
1090 1822 1435 1870 Ratisbonensi
1460 1821 1684 1867 Mariano

126 1900 266 1947 Scoto
304 1908 462 1948 aetate
498 1903 714 1962 aequalis
748 1903 869 1949 alter
895 1903 1147 1950 Marianus
1184 1904 1380 1956 Scotus,
1419 1903 1685 1948 monachus

123 1979 336 2041 primum
357 1981 602 2037 Coloniae,
636 1983 864 2044 deinceps
889 1983 1106 2029 inclusus
1126 1983 1312 2029 Fuldae
1333 1989 1381 2029 et
1401 1981 1684 2043 Magontiae

126 2061 257 2120 apud
292 2063 639 2108 monasterium
677 2063 726 2109 S.
768 2063 997 2112 Martini,
1041 2063 1126 2109 ubi
1161 2063 1288 2109 circa
1322 2079 1365 2108 a.
1403 2062 1528 2108 1083
1563 2060 1685 2106 obiit

127 2138 302 2200 (Pertz.
337 2142 380 2194 7,
415 2143 545 2204 484),
585 2142 799 2203 perfecto
825 2159 968 2204 opere
995 2143 1334 2205 chronologico
1360 2147 1409 2188 et
1432 2140 1677 2193 historico,

125 2219 263 2280 cujus
300 2221 451 2265 codex
488 2223 703 2281 aequalis
739 2239 799 2268 ex
834 2229 970 2284 parte
995 2221 1194 2269 fortasse
1232 2224 1292 2269 ab
1324 2222 1428 2283 ipso
1455 2221 1677 2281 scriptus,

123 2298 337 2359 primum
362 2300 687 2347 bibliothecae
713 2303 929 2364 ejusdem
954 2303 1256 2356 monasterii,
1298 2303 1474 2349 deinde
1501 2300 1684 2347 Palati-

127 2393 234 2432 nae,
267 2395 398 2425 nunc
423 2380 716 2435 Vaticanae‚
763 2388 1008 2428 vetustum
1044 2383 1343 2443 poematium
1381 2384 1439 2428 de
1474 2380 1684 2427 Benedi—

124 2457 283 2504 ctione
310 2459 580 2506 Hiberniae
607 2468 764 2507 servat
792 2466 855 2523 [p.
888 2463 1000 2525 944)
1037 2470 1182 2523 atque
1208 2463 1302 2508 loci
1326 2462 1497 2524 hymni
1522 2460 1684 2506 hiber*

124 2536 223 2582 nici
240 2537 291 2583 in
312 2540 359 2583 S.
384 2539 651 2586 Patricium
670 2542 967 2588 mentionem
985 2541 1117 2589 facit.
1135 2542 1161 2568 ἓ*
1199 2543 1315 2589 Fuit
1331 2542 1411 2588 hic
1429 2541 1683 2587 Hibernus

217 2704 232 2717 *¹
259 2703 329 2736 Sed
341 2705 415 2750 jam
434 2707 525 2741 mala
544 2708 786 2742 intellectione
805 2709 996 2744 inusitatae
1013 2710 1146 2744 formae
1168 2710 1297 2755 (Pertz.
1319 2713 1349 2750 Τ,
1373 2709 1450 2754 520)
1467 2723 1474 2742 :
1497 2710 1606 2742 ›S'neat
1624 2720 1682 2743 1111-

124 2772 199 2793 men
226 2760 381 2795 Ραίνίεῖί
405 2764 437 2797 in
466 2765 685 2809 baptis-mate.
727 2767 922 2812 ζὀίΙιναρῃε
948 2767 1094 2801 diambce
1121 2767 1297 2812 iesossnam
1325 2767 1490 2800 docctlear
1510 2765 1595 2800 trel).
1627 2765 1679 2809 (C-

125 2829 205 2850 cum
224 2817 293 2851 fuit
319 2820 475 2854 serviens
503 2828 658 2866 quatuor
685 2824 783 2869 vich)
814 2836 832 2858 e
851 2824 934 2858 dist.
956 2827 974 2858 3
993 2825 1139 2870 hymni:
1178 2825 1279 2858 batm-
1305 2824 1350 2857 ’ΝΘ
1367 2823 1546 2868 ‘'affirm-9⁶²
1564 2823 1608 2856 al·
1631 2834 1682 2855 00‘

124 2873 262 2919 tha-aigle
278 2886 342 2920 pro
363 2877 551 2923 ilcltatraz'y
575 2879 622 2924 (p.
643 2883 721 2922 943,
743 2886 818 2914 not.
844 2881 888 2926 1),
911 2881 982 2915 acsi
1000 2882 1127 2917 fuisset
1145 2881 1333 2925 C'othrm'qe
1350 2881 1533 2926 proprium
1552 2891 1682 2914 nomeu
