1897 3072
193 111 289 147 XVI
839 121 1100 150 PRAEFATIO.

196 221 453 268 translatus
487 220 634 268 fuerit
666 223 819 268 codex
849 223 902 269 in
938 230 1114 270 terram
1158 223 1490 270 continentem
1529 229 1744 284 tempore

194 300 373 360 aliquo,
404 301 457 346 in
482 301 771 347 monasterio
796 302 1047 348 hibernico
1073 302 1250 362 scripta
1273 301 1420 348 fuisse
1444 309 1634 363 praeter
1658 319 1745 348 no-

194 379 326 424 mina
362 380 504 425 obvia
535 380 746 426 virorum
772 380 1050 439 aequalium
1081 380 1276 426 nonnisi
1309 381 1586 434 hibernica,
1627 382 1745 427 Fer-

186 474 294 519 yus,
327 459 542 521 Dowfflcs,
582 459 813 510 Coirbbre,
854 459 1025 504 Calvus·
1049 460 1256 505 Patricii
1283 458 1626 522 rssllffcz'elpa‘tricj„
1669 460 1745 505 in-

194 537 353 582 dicare
376 537 568 582 videtur
592 536 750 598 glossa
775 536 922 582 etiam
947 537 1227 599 marginalis
1260 538 1379 583 haec
1411 538 1615 598 paulum
1637 555 1745 584 rnu-

196 615 282 660 tila
320 615 432 661 203³
455 635 462 661 :
520 616 740 661 :naithas
768 618 925 678 patric
963 618 988 662 7
1029 618 1145 679 briq.
1185 633 1241 662 αν
1276 618 1555 679 mdelbriytce
1580 618 1745 663 wamba

195 695 287 740 οἶσε
319 710 526 741 amenma
543 693 713 755 frimm
757 695 1066 741 :::.·scribzmd
1096 696 1335 741 roscribad
1366 695 1586 742 indulso*
1630 696 1740 757 (leg.

194 774 409 825 maitleS,
442 773 720 819 cerscrz'hzmd
732 774 754 818 ,Ρ
779 773 970 819 bonitas
990 773 1191 820 Patricii
1216 779 1265 819 et
1280 773 1496 836 Brigitae
1521 774 1574 820 in
1589 774 1747 820 Mael-

194 851 433 913 brigtum,
476 869 538 898 ne
564 852 625 898 sit
649 852 804 898 malus
830 852 932 913 ejus
958 853 1148 898 animus
1175 852 1297 897 mihi
1320 858 1517 913 propter
1542 853 1747 913 scriptu—

196 947 298 975 ram
338 947 435 990 qua
468 931 701 991 scriptum
734 938 805 977 est
836 932 927 976 hoc
965 934 1118 993 opus),
1164 931 1216 977 in
1251 947 1347 990 qua
1378 948 1557 977 nomen
1591 931 1747 977 Ma'el-

198 1010 340 1071 brzffle
375 1010 543 1055 haberi
576 1010 727 1071 possit
759 1026 937 1056 nornen
972 1010 1160 1057 abbatis
1193 1010 1471 1056 monasterii
1508 1011 1586 1056 vel
1609 1026 1747 1071 prae-

195 1089 340 1148 positi
366 1089 630 1134 scribendis
655 1089 807 1135 libris.

334 1168 429 1213 Sed
446 1169 591 1214 debet
608 1169 775 1227 quaeri
793 1175 936 1220 certe,
964 1185 1026 1214 an
1044 1185 1141 1214 non
1159 1174 1290 1215 ortus
1309 1185 1409 1215 esse
1427 1168 1577 1229 possit
1594 1169 1747 1215 codex

196 1246 248 1291 in
261 1247 550 1292 monasterio
563 1248 610 1293 S.
628 1247 761 1293 Galli
772 1248 876 1308 ipso
894 1247 971 1294 vel
986 1248 1037 1293 in
1052 1247 1168 1293 locis
1180 1248 1365 1301 vicinis,
1381 1247 1433 1292 in
1451 1247 1628 1306 quibus
1646 1263 1748 1292 mo-

189 1326 340 1370 nachi
353 1326 482 1371 Scoti
494 1327 752 1387 degebant.
785 1328 862 1372 Ob
876 1326 1075 1372 nomina
1095 1332 1368 1372 sanctoruni
1383 1332 1431 1371 et
1447 1326 1659 1371 virorum
1672 1325 1748 1370 hi-

196 1404 395 1449 bernica
413 1406 651 1451 duntaxat
666 1406 749 1451 vix
769 1407 861 1451 hoc
878 1405 1077 1451 concedi
1096 1405 1274 1465 poterit
1292 1406 1351 1450 de
1364 1405 1411 1450 S.
1429 1403 1563 1449 Galli
1580 1419 1748 1449 mona-

198 1484 341 1529 sterio
366 1484 442 1529 vel
456 1485 515 1529 de
528 1483 774 1545 Rinaugia
794 1485 892 1530 sive
906 1483 1069 1545 Augia
1086 1483 1271 1528 minore
1292 1484 1457 1545 (germ.
1479 1482 1739 1543 Rlieinau]t‚

198 1562 283 1607 ubi
308 1568 415 1622 post
442 1563 719 1608 Findanum
746 1564 872 1609 circa
898 1579 940 1608 a.
974 1564 1069 1609 800
1108 1562 1350 1608 inclusum
1384 1562 1566 1608 fuerint
1600 1561 1747 1607 etiam

198 1641 281 1685 alii
305 1641 449 1693 scoti,
484 1641 561 1687 vel
586 1642 644 1686 de
669 1642 835 1703 Augia
858 1641 1038 1703 majore
1075 1642 1173 1687 sive
1199 1640 1371 1696 divite3
1417 1657 1478 1686 ex
1498 1641 1589 1686 hoc
1617 1639 1749 1686 enim

199 1720 432 1765 oriundus
450 1721 602 1766 codex
619 1737 668 1766 n.
689 1721 716 1765 4
738 1721 885 1766 etiam
903 1736 976 1765 res
994 1719 1293 1781 germanicas
1310 1719 1487 1779 prodit.
1530 1719 1625 1765 Sed
1641 1717 1748 1764 fue-

199 1804 313 1844 runt
331 1798 479 1844 etiam
496 1799 701 1860 collegia
722 1816 833 1844 cum
852 1799 1206 1845 habitatoribus
1222 1798 1389 1852 Scotis,
1422 1798 1576 1844 sinon
1594 1797 1748 1842 omni—

198 1877 311 1929 bus,
345 1883 508 1923 tamen
532 1878 925 1938 praevalentibus
950 1894 1175 1931 numero,
1207 1884 1263 1923 ut
1288 1878 1431 1923 Mons
1458 1877 1505 1923 S.
1537 1875 1749 1923 Victoris

198 1972 348 2016 prope
374 1956 734 2010 Feldkircham,
770 1957 971 2019 junctus
993 1957 1282 2003 monasterio
1309 1957 1358 2003 S.
1389 1956 1546 2010 Galli,
1575 1957 1750 2015 “quem

199 2040 428 2087 montem,
447 2051 542 2095 quo
553 2036 786 2096 reliquiae
799 2042 847 2083 et
865 2036 1066 2082 ecclesia
1083 2036 1235 2082 sancti
1247 2035 1457 2082 Victoris
1475 2039 1750 2080 constructa

201 2128 300 2158 esse
316 2114 597 2169 dinoscitur,
624 2120 770 2174 atque
795 2115 1018 2176 religioso
1045 2116 1420 2175 quorundam
1447 2114 1749 2159 Scotorum

201 2198 498 2239 conventu
523 2193 775 2247 incolitur,
822 2195 883 2239 ad
915 2192 1260 2239 monasterium
1287 2193 1451 2239 Sancti
1476 2191 1611 2238 Galli
1638 2192 1749 2254 jure

199 2270 544 2330 proprietario''
574 2273 781 2319 contulit
798 2272 996 2318 Carolus
1014 2273 1212 2317 Crassus
1231 2289 1274 2318 a.
1308 2273 1401 2319 882
1432 2272 1671 2333 (Neugart
1693 2288 1743 2316 n.

203 2348 333 2411 533).
396 2350 566 2395 Tradit
589 2350 718 2396 idem
743 2368 786 2397 a.
820 2352 914 2398 885
939 2352 1200 2411 “quasdam
1224 2367 1299 2396 res
1323 2351 1375 2396 in
1400 2349 1516 2395 villa
1540 2349 1751 2394 Raitinis

201 2428 263 2472 ad
287 2429 561 2474 venerabile
589 2429 637 2474 S.
669 2430 803 2475 Galli
828 2431 1172 2476 monasterium
1197 2445 1253 2474 ea
1276 2429 1462 2475 ratione
1483 2466 1491 2482 ,
1533 2433 1589 2473 ut
1613 2427 1750 2473 dein-

203 2522 315 2566 ceps
358 2507 417 2552 de
455 2507 572 2568 ipsis
613 2509 756 2554 rebus
796 2509 1109 2554 duodecim
1144 2507 1451 2569 peregrini
1493 2506 1545 2552 in
1586 2512 1749 2552 monte

845 2589 864 2600 ἃ)

205 2585 253 2630 S.
280 2585 491 2632 Victoris
515 2593 834 2647 procurentur
896 2587 1072 2648 (Neug.
1089 2603 1138 2632 11.
1161 2587 1282 2642 553;
1315 2585 1376 2632 cs.
1394 2587 1554 2631 Pertz.
1578 2586 1623 2639 2,
1644 2584 1672 2629 7
1680 2584 1742 2645 3).

293 2717 309 2734 ¹¹⁸
335 2717 455 2753 Subst.
484 2718 563 2761 dul,
592 2724 770 2760 creatura,
792 2731 847 2753 res
869 2719 916 2765 (p.
937 2721 1014 2760 997,
1034 2720 1140 2765 not.),
1162 2719 1228 2752 hoc
1246 2718 1324 2752 loco
1343 2729 1431 2763 opus
1448 2718 1597 2752 fortasse
1617 2716 1751 2762 signifi-

203 2784 298 2806 cans.
343 2774 414 2808 Sed
430 2780 483 2809 est
500 2775 585 2810 hod.
606 2775 743 2810 hibern.
764 2776 950 2817 dultaoblzf,
971 2776 1121 2822 pagina,
1142 2775 1202 2809 vix
1220 2775 1312 2808 latus
1334 2774 1503 2820 (taobh=
1518 2773 1598 2818 to'z'b)
1621 2772 1748 2818 operis,

203 2829 322 2874 potius
340 2830 426 2872 folii,
449 2838 489 2866 ut
504 2832 905 2878 videaturjungendum
923 2832 985 2866 dul
1001 2844 1080 2866 cum
1099 2833 1211 2866 subst.
1231 2831 1322 2865 daile
1343 2830 1391 2876 (p.
1413 2831 1484 2876 45).
