1897 3072
162 123 242 161 404
379 121 440 159 11.
473 123 511 157 4.
575 130 815 158 ADJECTIVA
836 129 1109 156 BRITANNICA
1130 128 1486 156 PRONOMINALIA.

164 234 218 275 sit
237 234 381 285 homo)
399 231 512 272 Buh.
535 234 602 279 56,
628 233 693 268 14.
719 228 957 283 occzozwlmy
977 229 1128 282 qouletc
1151 243 1176 267 α
1193 227 1364 282 menaff
1379 259 1386 267 .
1414 259 1422 267 .
1438 226 1522 280 piu
1538 241 1582 266 eo
1598 225 1712 267 ιςτάἐν

164 304 239 343 lzoz
261 307 433 356 quereret
449 303 488 352 (e
510 299 626 340 vobis
644 313 838 352 quaerere
855 299 964 347 volo,
985 297 1058 351 qui
1075 297 1159 337 Sint
1175 305 1368 351 parentes
1386 296 1530 350 vestri)
1551 301 1617 345 36,
1641 300 1708 336 20.

280 373 376 412 PE:
403 385 461 424 pe
490 371 643 410 lezceret
671 368 754 423 huy
787 367 906 421 (quid
937 368 1075 408 dicitis
1107 367 1226 420 νοεῖ)
1248 368 1362 408 Β1111.
1393 371 1494 416 160,
1524 372 1560 407 1.
1585 373 1714 420 petra

167 441 286 496 (quid
298 441 331 494 ἲ)
358 446 395 489 6,
426 446 461 480 1.
478 446 606 494 petra
627 454 753 479 neuez
775 437 895 491 (quid
916 438 1058 491 novi?)
1085 442 1152 487 56,
1182 442 1246 477 10.
1276 442 1342 486 74,
1372 442 1407 476 1.
1430 442 1560 490 petra
1581 452 1607 476 a
1628 443 1716 477 mat

167 512 286 565 (quid
307 511 407 552 boni
420 511 452 563 ἲ)
475 514 539 559 18,
564 513 630 549 20.
655 510 773 549 ιςεῖἷεί
784 509 913 561 pebez
935 522 1119 561 (mequen
1143 522 1186 547 so
1205 509 1288 548 dan
1307 509 1384 547 den
1402 522 1500 548 man
1517 522 1573 547 na
1585 507 1715 560 pebez

169 589 240 622 tan
271 597 295 621 α
324 596 422 635 ιςιοεε
456 613 464 620 .
494 613 502 620 .
532 612 540 619 .
567 579 722 631 (videte
754 594 860 631 quae
889 578 1060 618 afflictio
1091 577 1145 617 sit
1176 577 1274 617 huie
1313 577 1401 617 viro
1432 584 1473 616 et
1504 577 1577 630 qui
1606 576 1716 630 ignis

169 653 290 692 cadat
316 684 323 691 .
354 684 361 691 .
393 654 423 703 .)
451 654 544 698 196,
575 654 639 688 15.
670 653 734 688 16.
781 649 924 689 Subst.
942 654 1031 701 pet,
1055 662 1137 700 pez
1160 649 1260 701 (res)
1282 647 1383 687 item
1410 662 1483 701 per
1510 662 1552 687 se
1581 647 1718 687 solum

168 723 450 774 interrogans:
477 735 527 760 ηε
544 734 647 773 qous
661 722 738 771 pet
754 733 858 771 (juez
880 718 1038 771 (nescio
1060 733 1142 771 qua
1162 717 1269 770 vice)
1292 717 1405 757 Buh.
1434 721 1500 766 84,
1528 721 1595 757 80.

283 791 424 831 Etiam
456 790 706 830 armoricum
732 788 1094 841 interrogativum,
1120 794 1168 827 ut
1196 786 1452 827 cambricum
1473 794 1514 827 et
1536 787 1718 827 hiberni-

170 877 280 911 cum,
306 860 515 902 antecedit
542 859 911 913 praepositionem:
947 873 1011 898 me
1032 872 1124 898 men
1152 862 1331 911 yozczout
1349 872 1406 909 pe
1427 856 1545 896 αῖεεΙι
1565 871 1640 896 voa
1661 871 1717 896 na

160 931 310 985 peleelc
328 946 370 970 ez
389 931 470 985 (clay
485 930 596 982 (volo
615 929 717 969 scire
735 944 786 968 ex
803 943 884 981 quo
901 929 991 969 1000
1007 927 1168 968 venerit
1180 927 1276 966 etin
1289 941 1414 980 quem
1424 927 1563 967 locum
1575 927 1717 979 vadat)

171 1002 284 1042 Buh.
309 1006 375 1050 34,
399 1005 466 1040 20.
490 1004 532 1039 21
549 1032 556 1039 .
577 1014 707 1052 perae
728 1014 783 1039 mc
804 1013 1018 1039 sccrmotee:
1037 1001 1223 1051 (propter
1244 996 1344 1049 quid
1366 1011 1453 1037 non
1472 996 1719 1037 sermocina-

170 1072 225 1112 ris
238 1073 272 1125 ζ’)
297 1076 363 1120 56,
392 1076 429 1110 ὃ.

519 1227 565 1266 F.
628 1225 923 1280 Adjectiva
952 1222 1373 1279 pronominalia.

290 1351 541 1391 Praesertim
564 1350 631 1390 hic
653 1350 717 1390 (ch
736 1349 878 1403 (alius)
902 1349 1137 1388 notandum
1158 1362 1255 1387 cum
1272 1346 1414 1386 formis
1433 1345 1518 1385 suis
1536 1344 1720 1393 variatis,

175 1421 273 1461 dein
305 1421 364 1461 oll
382 1421 554 1474 (omnis)
569 1453 580 1469 ,
610 1435 728 1474 paup
751 1419 948 1473 (quivis),
973 1433 1052 1471 nep
1075 1417 1285 1471 (aliquis),
1312 1415 1607 1456 concordantia
1628 1429 1724 1455 011111

175 1492 400 1532 hibernicis
423 1492 520 1539 uile,
546 1491 645 1540 uile,
672 1490 787 1539 mich,
813 1490 929 1530 necle.

290 1563 405 1602 ALL
436 1561 613 1614 simplex
642 1560 812 1601 nonnisi
843 1560 887 1599 in
919 1557 1158 1612 compositis
1189 1556 1373 1606 obvium,
1399 1564 1448 1597 ut
1471 1556 1559 1610 jam
1586 1555 1631 1594 in
1652 1568 1725 1594 no·

177 1632 290 1672 mine
312 1640 476 1672 vetusto
498 1631 648 1685 gallico
669 1631 917 1683 Allobrofses
940 1633 999 1683 (p.
1023 1632 1137 1682 226),
1159 1628 1285 1669 etiam
1302 1627 1346 1667 in
1363 1627 1565 1667 hodierna
1580 1625 1727 1678 lingua

177 1702 396 1742 eambrica.
444 1703 496 1742 In
519 1703 621 1755 Leg.
648 1702 800 1750 (clldm‘,
826 1701 979 1740 allcleccl
998 1699 1265 1752 (alienigena,
1291 1713 1377 1738 non
1404 1697 1599 1748 Camber)
1624 1700 1662 1734 4.
1688 1699 1723 1733 1.

181 1777 257 1821 323
286 1777 323 1812 2.
352 1777 399 1821 6;
435 1776 502 1821 27,
529 1780 570 1812 et.
597 1772 641 1812 in
671 1772 763 1812 aliis
793 1770 986 1825 plurimis
1016 1769 1116 1809 locis
1147 1768 1400 1809 enumeratis
1430 1767 1475 1806 in
1493 1765 1629 1806 indice
1651 1765 1728 1805 sub

179 1856 276 1881 voce
299 1842 449 1889 alltccd,
477 1842 629 1895 scripta
650 1841 792 1881 minus
814 1843 919 1880 bene
941 1841 992 1879 ob
1013 1840 1284 1879 inchoantem
1306 1844 1322 1879 t
1341 1837 1665 1878 destituendam.

294 1911 578 1952 Cambrica
608 1912 740 1951 forma
767 1911 979 1964 duplicata
1001 1910 1110 1963 sing.
1134 1909 1348 1956 ARALL,
1373 1907 1483 1960 plur.
1510 1906 1728 1946 EREILL

181 1983 251 2029 (cf.
277 1981 440 2021 hibern.
465 1988 547 2021 vct.
574 1981 723 2029 maile,
745 1981 890 2029 αναίῖῖ,
916 1995 990 2034 pro
1013 1980 1157 2028 alaile,
1179 1978 1315 2026 alccz'll,
1336 1992 1378 2031 p.
1403 1978 1517 2029 365),
1538 1982 1611 2015 aut
1633 1989 1730 2014 cum

181 2051 454 2092 substantivis
486 2052 538 2091 ad
567 2051 698 2091 instar
728 2051 935 2105 adjectivi,
962 2058 1035 2091 aut.
1063 2066 1136 2104 per
1167 2065 1210 2090 se
1232 2049 1341 2089 sola:
1382 2061 1429 2087 ον
1442 2046 1633 2100 simmam
1662 2044 1731 2084 (lir

182 2123 321 2163 claud.
349 2123 477 2162 elaad
494 2122 605 2162 m'ln't
624 2122 892 2176 clirfimzaun
915 2122 1032 2162 αναῖῖ
1051 2123 1093 2175 (0
1110 2121 1223 2160 fonte
1241 2120 1293 2159 ad
1309 2118 1477 2165 fossam,
1499 2115 1731 2155 secundum

182 2193 335 2233 fossam
357 2193 409 2232 ad
431 2192 590 2232 fontem
611 2192 758 2245 alium)
783 2192 876 2232 Lib.
903 2193 1038 2232 Land.
1068 2195 1161 2230 149.
1190 2190 1254 2230 bet
1264 2203 1380 2242 pemz
1397 2188 1497 2242 foss
1520 2185 1563 2226 in
1584 2184 1735 2237 lchcmt

184 2263 354 2304 dim'm'cl
373 2262 442 2302 dir
462 2268 573 2315 pant
601 2263 717 2303 αναῖἰ
735 2264 885 2315 (usque
906 2263 957 2302 ad
979 2261 1150 2302 initium
1170 2261 1303 2300 fossae
1325 2258 1370 2297 in
1391 2256 1568 2297 cavitate
1590 2268 1732 2295 versus

184 2339 372 2372 montem
407 2333 459 2372 ad
495 2332 716 2372 cavitatem
751 2332 893 2385 aliam)
928 2331 1028 2371 ibid.
1059 2336 1151 2370 150.
1192 2328 1427 2369 marcham
1465 2325 1582 2366 arall
1608 2324 1733 2376 (alius

186 2403 330 2456 eques)
354 2402 469 2442 Mab.
500 2407 536 2451 1,
564 2406 659 2442 240.
691 2417 747 2457 yn
770 2403 824 2442 lle
845 2402 962 2442 αναῖἶ
980 2401 1042 2451 (111
1064 2401 1145 2441 0110
1166 2401 1274 2452 1000)
1301 2403 1337 2447 1,
1367 2402 1431 2436 15.
1459 2400 1555 2435 250.
1580 2408 1648 2434 am
1671 2394 1733 2433 be-

189 2473 283 2513 theu
314 2471 435 2512 ενείῖῑ
454 2473 522 2521 <de
553 2472 644 2512 aliis
676 2473 818 2525 rebus)
845 2476 881 2520 1,
913 2476 978 2511 34.
1009 2471 1231 2525 qwlcccloed
1261 2467 1383 2509 erez'll
1411 2465 1548 2519 (aliae,
1575 2471 1734 2504 ceterae

186 2542 394 2596 regiones)
420 2545 463 2591 2,
493 2545 588 2581 201.
623 2542 722 2582 arch
752 2557 778 2596 y
806 2542 979 2596 ywmyf
997 2557 1024 2595 y
1054 2540 1205 2581 arthur
1235 2540 1364 2594 dyuot
1393 2551 1440 2576 αε
1471 2536 1524 2589 (gf
1545 2549 1594 2574 αε
1622 2533 1739 2573 αναῖῖ

189 2612 398 2667 (praecipe
420 2613 470 2652 (10
490 2626 556 2652 me
578 2611 769 2660 Arthuri,
796 2619 869 2651 aut
890 2611 1031 2651 veniat
1051 2611 1139 2664 ipse
1162 2617 1234 2649 aut
1255 2608 1380 2661 alius)
1408 2613 1444 2656 1,
1473 2609 1567 2645 212.

303 2684 336 2723 C
350 2697 372 2722 o
385 2697 404 2722 1·
415 2682 501 2722 nic
514 2697 534 2721 e
563 2689 604 2721 et
632 2681 826 2721 armori
840 2696 892 2720 ce
922 2681 1036 2721 item.
1058 2673 1209 2721 Corn.:
1233 2678 1391 2732 {jarech
1408 2677 1523 2717 (ιναῖἶ
1536 2690 1561 2715 α
1580 2675 1736 2728 lever-ys

191 2753 291 2805 (alia
312 2752 462 2792 mulier
483 2751 607 2804 dixit)
632 2752 749 2791 Pass.
778 2755 844 2799 84,
874 2756 911 2790 53,
941 2751 1037 2805 §ull
1064 2750 1139 2790 toll
1159 2750 1276 2789 arall
1293 2764 1347 2804 ny
1370 2762 1502 2803 ‘cyane
1525 2745 1657 2797 (aliud
1678 2744 1735 2783 fo-

191 2837 335 2863 ramen
357 2822 490 2862 facere
511 2822 727 2875 nolebant)
751 2825 843 2870 180,
867 2826 904 2860 3.
931 2835 975 2860 νε
993 2820 1098 2860 ενεῖἰ
1113 2819 1217 2872 (0111,
1237 2834 1375 2872 genua
1391 2817 1616 2868 flexerunt)
1641 2819 1733 2861 195,
