1897 3072
528 162 590 202 ΙΙ.
642 165 678 201 1.
741 173 1318 201 ARTICULUSBRITANNICUS.
1619 159 1695 198 241

149 275 296 318 march
318 277 379 329 (et
405 289 500 330 pars
523 275 653 316 altera
673 274 792 329 equi3
828 288 915 315 non
934 289 961 329 y
991 272 1137 315 march
1163 280 1212 314 ut
1231 271 1333 314 alias
1356 278 1453 313 ante
1475 286 1694 322 consonas,

151 360 248 400 ergo
267 362 295 402 3]
316 367 373 380 =
395 345 441 387 di
459 367 515 380 =
533 346 696 386 hibern.
723 345 781 395 cli,
807 346 872 396 de,
897 345 998 399 gall.
1024 344 1215 386 hodiern.
1241 345 1298 386 du
1327 342 1488 398 cheval)
1512 343 1628 384 Mab.
1658 348 1695 393 1,

152 422 191 458 2.
219 422 257 458 3.
285 423 324 457 5.
353 422 417 457 14.

265 489 433 529 Exutus
460 495 601 529 autem
622 487 703 528 illis
727 486 943 541 particulis
966 487 1010 527 111
1032 487 1181 527 iisdem
1202 485 1413 526 codicibus
1435 493 1533 526 ante
1555 500 1699 526 conso-

151 574 226 600 nas
249 559 448 599 articulus
471 559 622 613 rejecta
643 558 779 598 radice
801 572 824 598 7·
845 565 907 598 est
924 558 966 598 Y
988 560 1026 607 (e
1049 558 1198 610 Leg.):
1225 556 1379 597 (auelles
1401 572 1422 596 e
1442 558 1606 611 Kemry
1624 556 1700 609 (vi—

153 630 215 670 dit
232 630 465 681 (lambros),
487 644 625 669 ccmser
642 645 662 669 e
675 643 892 683 {saramtys
911 630 1095 681 (tempus
1112 627 1283 681 jejunii)
1303 628 1405 681 ch.
1426 627 1555 681 praef.
1576 642 1602 681 3]
1625 641 1702 681 uys

153 717 174 740 e
206 701 330 740 beccm
362 699 537 753 (digitus
568 699 657 753 ejus
687 705 858 752 parvus)
891 699 994 751 Leg.
1026 703 1060 738 1.
1089 702 1127 737 2.
1156 702 1193 738 3.
1228 697 1404 738 declarem
1433 704 1527 753 yvet
1554 714 1581 753 3]
1611 698 1707 738 med

154 774 400 825 (coeperunt
422 770 560 809 bibere
580 769 784 821 mulsum)
803 769 920 808 Mab.
946 772 982 817 1,
1006 772 1044 807 2.
1068 784 1125 823 yn
1143 767 1294 808 mhelm
1311 783 1337 822 3]
1355 782 1468 808 maes
1489 768 1551 821 (111
1569 767 1704 822 capite

153 841 308 894 campi)
344 840 459 880 Mab.
490 844 526 889 1,
555 844 592 879 3.
637 839 691 878 In
722 837 848 878 Libro
871 838 1139 879 Landavensi
1169 852 1349 892 quoque,
1379 837 1498 891 cujus
1531 838 1705 892 scriptor

154 913 333 952 fluctuat
354 911 464 951 inter
485 909 731 963 scriptiones
753 908 998 949 vetustiores
1021 916 1062 949 et
1077 908 1342 957 recentiores,
1363 923 1437 963 pro
1455 908 1494 948 ir
1510 908 1704 961 frequens

154 990 217 1023 est
238 981 256 1022 ἱ
266 1001 278 1022 .·
302 981 390 1022 treci
410 981 427 1021 ε’
447 980 527 1021 coit
548 982 639 1034 (per
656 979 820 1032 silvam)
844 984 918 1019 197
929 1011 936 1020 .
961 985 1067 1021 nant
1086 979 1104 1020 i
1122 979 1307 1020 meneich
1326 978 1464 1032 (vallis
1481 977 1704 1018 monacho-

152 1055 264 1106 rum)
294 1056 369 1092 192
393 1059 472 1092 etc.

271 1127 309 1163 2.
355 1124 388 1163 C
403 1122 596 1162 ornicu
609 1137 626 1162 s
663 1121 863 1162 articulus
886 1122 968 1162 AN
987 1120 1050 1172 (111
1071 1121 1323 1175 quibusdam
1339 1120 1441 1161 locis
1460 1136 1524 1170 en,
1545 1120 1581 1160 si
1597 1127 1706 1160 recte

154 1194 422 1248 impressum)
436 1200 476 1233 et
491 1193 626 1246 (A)N,
642 1192 773 1232 vocali
791 1194 986 1246 absorpta
1003 1208 1026 1232 a
1042 1193 1316 1247 praecedente
1328 1192 1446 1232 finali
1458 1190 1703 1245 particulae.

156 1265 324 1304 Incerta
341 1278 547 1304 consonae
565 1263 776 1316 sequentis
796 1263 964 1303 infectio
976 1263 1066 1317 jam
1082 1270 1310 1302 memorata
1327 1269 1389 1302 est
1401 1263 1461 1315 (p.
1478 1265 1572 1300 202.
1588 1264 1703 1313 214).

271 1334 390 1387 Sing.
417 1348 530 1373 nom.
558 1348 612 1373 (m
629 1334 776 1388 qusyll
802 1348 823 1373 o
846 1333 1087 1385 (consilium
1109 1338 1213 1387 erat)
1237 1335 1356 1374 Pass.
1384 1336 1451 1381 32,
1481 1337 1517 1372 1.
1553 1347 1607 1372 cm
1630 1332 1708 1371 clus

155 1420 227 1446 ms
250 1421 276 1445 (ι
300 1405 489 1459 theseo-gra
507 1403 706 1457 (populus
728 1404 862 1444 bonus
885 1404 1163 1455 desiderabat)
1183 1408 1222 1452 4,
1248 1408 1284 1443 1.
1309 1402 1395 1443 lum
1413 1403 1490 1442 dus
1508 1416 1578 1442 esa
1597 1401 1640 1441 ol
1651 1416 1708 1456 yn

156 1477 231 1516 dre
249 1478 265 1527 (
269 1483 309 1515 et
330 1475 512 1530 populns
535 1473 670 1514 omnis
693 1473 765 1527 qui
786 1481 874 1514 erat
894 1474 938 1514 in
956 1474 1127 1528 oppido)
1148 1479 1215 1523 97,
1240 1476 1277 1513 2.
1302 1489 1329 1528 3]
1349 1473 1458 1513 these
1475 1473 1560 1513 lum
1576 1487 1708 1527 ccteyn

152 1561 285 1600 [secuse
298 1560 436 1600 pccrys
458 1559 528 1585 ens
552 1544 621 1599 thy
644 1544 857 1584 lmlmtlms
880 1547 1105 1595 (venerunt
1128 1552 1169 1585 et
1194 1544 1345 1584 mulier
1366 1558 1463 1583 cum
1484 1542 1556 1592 eis,
1584 1557 1709 1596 quam

157 1616 354 1656 volebant
375 1618 586 1667 accusare)
612 1620 678 1663 33,
708 1618 746 1654 2.
772 1615 815 1654 ol
832 1629 882 1655 en
912 1616 967 1655 da
989 1615 1073 1655 lum
1097 1614 1201 1655 drok
1222 1615 1376 1668 kepscre
1399 1613 1552 1666 (omnis
1574 1613 1709 1653 bonus

158 1694 199 1726 et
219 1686 355 1726 malus
379 1689 481 1739 una)
502 1689 568 1735 21,
591 1691 630 1726 4.
657 1701 706 1726 en
730 1685 853 1726 tebell
870 1686 911 1726 el
929 1701 954 1725 α
975 1701 1134 1741 vymcas
1155 1701 1181 1741 3]
1205 1686 1393 1739 demptye
1411 1684 1564 1737 (malus
1584 1698 1709 1736 ange·

158 1758 224 1797 lus
246 1757 381 1797 voluit
402 1772 498 1797 eum
521 1758 699 1810 tentare)
728 1760 792 1806 13,
820 1759 858 1796 2.
893 1771 941 1798 en
973 1756 1110 1797 debell
1137 1755 1241 1797 mel„-
1268 1769 1293 1795 α
1309 1754 1388 1796 ‚eth
1411 1754 1539 1808 (mala
1559 1753 1710 1794 mulier

157 1828 250 1881 ivit)
278 1833 371 1877 159,
401 1832 437 1868 1.

271 1899 416 1940 Genit.
441 1898 577 1954 pobyl
603 1913 657 1939 cm
687 1899 758 1954 bys
791 1899 990 1953 (populus
1011 1898 1179 1952 mundi)
1204 1903 1242 1948 0,
1271 1901 1309 1938 2.
1336 1898 1410 1938 dre
1432 1902 1548 1938 verta
1569 1911 1625 1938 cm
1649 1902 1710 1937 tas

159 1971 250 2024 (per
271 1970 471 2010 virtutem
492 1969 640 2023 patris)
666 1974 704 2018 3,
734 1974 771 2009 1.

272 2040 415 2080 Dativ.
440 2055 527 2081 mos
557 2040 652 2080 then
686 2041 760 2080 dre
781 2040 859 2091 (ire
881 2040 933 2080 ad
955 2039 1185 2092 civitatem)
1211 2043 1278 2088 27,
1307 2042 1344 2079 2.
1379 2053 1477 2093 oqccs
1501 2037 1596 2079 then
1618 2037 1711 2078 beth

160 2110 342 2163 (vicinus
365 2112 417 2151 ad
440 2110 724 2165 sepulchrum,
751 2110 990 2163 sepulchro)
1015 2113 1110 2159 253,
1140 2114 1177 2149 1.
1213 2125 1268 2150 cm
1297 2109 1499 2163 uqltelcler
1523 2108 1617 2149 then
1639 2108 1711 2163 bys

160 2181 427 2235 deyskymzas
451 2182 521 2234 (ex
542 2180 765 2220 altitudine
786 2180 831 2220 in
852 2181 1061 2220 mundum
1082 2179 1315 2232 descendit)
1340 2184 1378 2228 5,
1407 2183 1445 2219 2.

272 2252 425 2291 Aecus.
463 2258 575 2306 serry
608 2266 664 2290 an
697 2251 848 2303 lempel
873 2251 1081 2304 (frangere
1113 2250 1337 2303 templum)
1363 2254 1436 2299 91,
1463 2253 1502 2290 2.
1537 2263 1627 2290 war
1657 2265 1712 2290 cm

161 2322 248 2377 698,
276 2323 376 2376 drys
399 2337 453 2362 cm
476 2322 548 2376 bys
572 2320 632 2360 oll
659 2320 721 2373 (in
750 2321 973 2371 mundum,
999 2336 1073 2375 per
1099 2327 1236 2361 totum
1256 2320 1482 2373 mundum)
1508 2324 1546 2369 2,
1574 2324 1612 2360 2.
1641 2325 1708 2369 31,

162 2396 200 2431 2.
227 2392 317 2432 (Iris
339 2407 394 2433 (m
416 2407 487 2432 vro
510 2394 601 2446 (per
623 2395 791 2445 terram)
820 2396 916 2442 250,
945 2395 983 2432 2.

277 2463 395 2503 Ρ1111·.
420 2477 535 2503 110111.
573 2478 627 2504 an
650 2462 818 2516 primis
851 2477 920 2503 esa
950 2478 1006 2518 yn
1028 2477 1127 2515 pow
1158 2460 1386 2515 (principes
1417 2460 1491 2515 qui
1521 2468 1639 2501 erant
1669 2461 1713 2500 in

160 2532 347 2585 regione)
373 2538 440 2582 64,
465 2539 501 2573 1.
527 2549 553 2588 y
577 2535 725 2574 clorras
748 2548 802 2573 (m
824 2548 926 2588 reyn
950 2532 1087 2586 (fracti
1108 2538 1208 2572 sunt
1228 2531 1406 2586 lapides)
1431 2536 1527 2581 209,
1552 2537 1591 2572 4.
1617 2547 1712 2586 may

162 2602 257 2657 83]ΐᾶ
287 2608 435 2643 torrow
464 2603 626 2657 beneqis
649 2604 732 2644 hcm
764 2604 940 2644 benencas
963 2603 1067 2655 (sint
1087 2610 1252 2643 ventres
1274 2602 1483 2642 benedicti
1505 2610 1545 2642 et
1566 2602 1712 2641 mulie-

162 2676 245 2726 res)
274 2677 366 2722 109,
396 2678 434 2713 3.
461 2678 500 2713 4.
525 2689 580 2714 an
602 2674 784 2714 ethewon
808 2676 851 2727 (J
856 2674 995 2727 udaei)
1019 2674 1075 2727 sq.
1102 2688 1150 2713 en
1172 2672 1353 2713 ethewon
1381 2677 1473 2721 118,
1505 2679 1539 2712 1.

279 2743 424 2783 Genit.
451 2757 530 2783 ran
552 2758 648 2784 ‘cras
670 2759 724 2784 an
737 2751 897 2798 penton
920 2747 1092 2798 (magna
1111 2758 1206 2798 pars
1229 2744 1452 2795 donorum)
1478 2747 1543 2790 35,
1572 2745 1610 2782 2.

278 2813 378 2852 Dat.
406 2813 499 2853 then
521 2814 780 2869 menytlcyow
802 2815 895 2870 why
917 2830 942 2855 (ι
965 2815 1066 2869 erqlz
1094 2813 1326 2867 (montibus
1349 2827 1420 2851 vos
1442 2813 1713 2866 mandabitis)

169 2888 262 2931 170,
294 2887 329 2922 1.
353 2884 478 2924 Jesus
501 2897 526 2923 a
549 2883 694 2924 leceris
719 2885 814 2927 then
846 2885 1034 2927 dowtlaek
1056 2886 1100 2939 (J
1105 2899 1199 2925 esus
1224 2883 1330 2923 dixit
1353 2882 1573 2923 duodecim
1594 2883 1715 2924 disci-

234 2958 316 2983 voL.
340 2949 368 2982 Ι.
1392 2955 1439 2989 16
