1897 3072
169 62 249 101 142
436 62 472 101 Ι.
512 66 549 101 1.
612 76 835 104 CONSONAE
857 77 1156 104 BRITANNICAE
1179 78 1432 107 SPIRANTES.

165 176 281 216 Mab.
309 180 347 225 3,
375 179 470 215 273.
493 176 676 231 ysowyd,
701 177 879 231 ysywyd
898 176 1134 230 (humerus)
1158 178 1276 218 Mab.
1304 182 1342 228 2,
1368 183 1463 220 234.
1486 183 1582 221 235.
1607 181 1713 235 esqit

165 248 388 300 (calceus),
412 247 523 301 plur.
548 246 759 302 esyz‘dyeu,
784 247 1001 302 yskydyeu
1022 248 1138 288 Mab.
1166 252 1204 297 3,
1236 253 1328 289 149.
1359 254 1452 290 153.
1497 252 1620 292 Muta
1641 266 1710 292 ex-

164 333 284 358 cussa
314 318 479 358 videtur
506 317 552 357 in
580 319 735 358 cambr.
760 317 950 358 hodiem.
975 332 1118 368 seren,
1143 333 1234 368 ser,
1260 334 1334 374 syr
1368 321 1522 373 (stella,
1548 322 1710 375 stellae)

164 402 261 429 cum
281 387 325 428 in
346 388 494 442 glossis
517 388 656 429 Oxon.
683 387 736 428 sit
756 387 937 429 scirem.

277 459 619 500 Combinationes
641 473 738 499 cum
758 459 928 513 liquidis
950 466 991 500 et
1007 474 1043 500 w
1060 460 1206 500 eodem
1221 461 1344 501 modo
1363 462 1530 503 tractari
1546 463 1705 504 solent:

160 530 394 585 yslz'pcmwr
430 529 638 583 (politor)
671 530 787 570 Mab.
815 534 860 579 2,
889 533 984 570 228.
1023 530 1267 586 yslevpamc,
1307 531 1506 586 yslzpcmu
1543 533 1707 586 (polire,

160 614 330 649 acuere,
355 614 485 653 germ.
511 600 733 655 solelevfen)
757 602 872 641 Mab.
896 605 934 651 2,
960 604 1024 642 12.
1047 605 1142 642 229.
1166 603 1351 657 ysnoden
1375 603 1497 655 (vitta
1506 620 1517 652 3
1543 604 1707 644 hibern.

160 679 243 711 vet.
277 671 424 711 sna'tlae
446 672 541 725 Sg.)
566 673 681 712 Mab.
712 677 747 721 1,
776 676 797 712 3
829 680 870 713 et
898 672 1036 713 hodie.
1061 673 1251 714 hodiem.
1285 687 1466 728 ysmurq,
1498 688 1710 728 ysmwcan

160 745 336 796 (vapor3
376 743 490 797 angl.
530 742 709 795 smoke).
748 744 904 798 yswez‘n
941 746 1086 798 (eques
1121 743 1313 798 juvenis,
1354 759 1521 793 servus,
1562 745 1705 785 scand.

158 813 301 862 swein,
328 812 544 866 famulus),
569 814 679 867 plur.
704 814 937 868 yszceim'eit
957 815 1073 855 Mab.
1103 819 1139 863 1,
1165 819 1205 853 4.
1231 817 1269 863 2,
1293 819 1360 854 51.
1404 815 1458 854 In
1479 814 1545 855 his
1568 823 1708 856 tamen

158 899 178 924 s
201 884 286 924 sive
306 883 431 938 periit
452 883 640 938 saepius,
667 898 703 924 e.
728 899 790 937 gr.
816 884 861 924 in
884 885 943 925 lla
966 887 1149 938 (agmen,
1175 884 1406 933 exercitus3
1432 884 1596 925 hibern.
1621 893 1705 926 vet.

158 955 314 1009 sluaq),
340 969 446 1007 νῆα-9
469 956 628 1007 (vapor,
654 954 814 1007 fumus)
829 986 840 1003 ,
866 955 999 995 moden
1022 955 1203 1007 (filum),
1233 954 1318 994 sive
1340 954 1385 994 in
1405 955 1536 995 alium
1559 970 1709 995 sonum

159 1025 338 1074 transiit,
364 1033 411 1065 ut
433 1039 595 1078 semper
616 1024 698 1064 fere
720 1025 764 1065 in
786 1040 843 1065 sec
866 1026 937 1075 (cf.
962 1040 1061 1065 mox
1083 1026 1203 1074 HW,
1225 1026 1401 1078 CHW).
1443 1025 1710 1066 Combinatio

157 1112 216 1147 εν,
252 1104 317 1137 sat
351 1096 545 1149 frequens
582 1095 627 1135 in
661 1095 807 1148 lingua
842 1095 1071 1145 hibernica,
1105 1096 1251 1149 ignota
1285 1096 1451 1136 videtur
1478 1096 1708 1136 cambricae

159 1167 379 1220 (vocabula
406 1181 540 1220 pauca
573 1165 775 1206 hodierna
804 1165 1047 1207 inchoantia
1069 1167 1120 1206 ab
1140 1181 1240 1221 ψη·-
1262 1166 1458 1207 videntur
1479 1167 1709 1221 composita

157 1241 301 1294 ys-r.),
327 1252 434 1292 quae
455 1237 499 1276 in
519 1236 712 1290 pluribus
734 1236 904 1277 vocibus
926 1251 1000 1290 pro
1023 1251 1069 1276 ea
1080 1237 1138 1291 fr
1159 1236 1328 1277 exhibet
1350 1239 1410 1291 (p.
1439 1240 1526 1290 94).

273 1310 348 1350 Sat
383 1315 548 1348 vetusta
584 1314 684 1347 sunt
721 1307 912 1361 exempla
947 1306 1198 1360 praemissae
1234 1307 1386 1347 vocalis
1419 1323 1439 1347 e
1470 1308 1537 1348 vel
1565 1307 1583 1347 i
1610 1315 1709 1348 ante

158 1380 289 1421 dictas
316 1378 646 1419 combinationes
676 1377 926 1431 incipientes
957 1377 1083 1418 etiam
1112 1378 1224 1431 apud
1252 1377 1382 1418 latine
1411 1378 1477 1418 vel
1498 1378 1708 1419 romanice

158 1450 407 1491 scribentes:
442 1449 597 1502 scripsi
629 1464 700 1503 eqo
730 1449 990 1489 I'erteraclccs
1027 1463 1104 1501 sup
1140 1448 1468 1501 {stipulationem
1506 1448 1707 1501 isponsio-

157 1536 330 1575 nemque
362 1520 622 1573 interposita.
648 1519 793 1560 Chart.
820 1535 857 1560 a.
888 1524 964 1559 746
989 1535 1056 1573 ap.
1086 1520 1244 1559 Murat.
1269 1519 1445 1573 Antiqq.
1471 1519 1568 1559 Ital.
1593 1519 1704 1559 med.

157 1592 248 1633 aevi
272 1598 310 1640 6,
336 1594 432 1630 412.
458 1590 604 1631 istrica
634 1592 708 1641 (Ξ
728 1590 872 1639 strica,
899 1590 1045 1643 striga)
1068 1590 1113 1629 in
1134 1590 1224 1630 cod.
1252 1589 1410 1630 Mutin.
1436 1589 1517 1643 leg.
1543 1590 1708 1643 Lango-

156 1663 273 1703 bard.
313 1676 380 1714 ap.
422 1663 580 1701 Murat.
622 1668 723 1701 tom.
763 1666 807 1710 1,
843 1675 885 1714 p.
925 1666 970 1709 1,
1003 1676 1046 1714 p.
1074 1664 1140 1700 31.
1207 1660 1457 1701 Recentiora
1502 1661 1709 1714 quaedam

157 1733 349 1787 exempla
377 1746 399 1771 e
429 1731 613 1783 Cangioz
647 1731 830 1784 espcztla,
857 1731 1042 1784 espalla,
1067 1731 1241 1783 espaula
1272 1732 1346 1783 (=
1376 1731 1532 1783 spalla,
1567 1745 1707 1771 armus

158 1811 231 1845 aut
260 1803 496 1843 membrum
526 1802 707 1842 ferarum
737 1802 803 1841 vel
834 1815 1069 1855 porcorum,
1095 1802 1207 1853 quod
1233 1800 1380 1841 vasalli
1408 1800 1589 1841 dominis
1619 1815 1706 1841 sae-

156 1875 252 1929 pius
280 1879 489 1928 praestare
520 1873 789 1925 tenebantur)
812 1872 957 1912 Chart.
983 1886 1020 1911 a.
1050 1876 1172 1911 1150.
1202 1874 1323 1911 1225.
1359 1870 1567 1911 esclaevz'ni
1600 1872 1705 1923 (sca-

157 1945 264 1997 bini)
292 1948 413 1983 1204.
447 1942 651 1997 estuqium
693 1943 811 1996 (gall.
848 1948 988 1998 estuy,
1022 1941 1130 1991 e'tui,
1165 1942 1302 1995 theca)
1344 1946 1465 1982 1231.
1498 1941 1706 1982 escuerius

159 2017 340 2069 (bouyer,
367 2013 556 2066 scutifer)
578 2029 616 2054 a.
647 2018 768 2054 1234.

271 2083 505 2125 Cornica
540 2092 582 2125 et
617 2084 883 2125 armorica
912 2099 932 2125 s
963 2092 1125 2125 servata
1156 2084 1201 2124 in
1229 2083 1378 2124 iisdem
1408 2082 1702 2137 positionibus,

157 2163 207 2196 ut
228 2154 446 2195 cambi-ica.
493 2155 545 2195 In
567 2155 689 2195 initio
716 2170 880 2205 vocum,
907 2156 1093 2196 coi-nica:
1125 2154 1226 2196 sach
1249 2156 1452 2206 (saccus),
1477 2153 1568 2194 sair
1590 2153 1705 2206 (arti-

158 2227 241 2276 fex,
267 2226 403 2274 faber,
429 2225 591 2266 hibern.
616 2227 720 2276 sciir,
745 2242 825 2275 ars,
851 2226 896 2266 in
917 2241 1101 2281 compos.
1127 2224 1500 2274 scie‘rddmm‘daeht,
1524 2225 1582 2278 gl.
1608 2224 1705 2264 arti-

157 2296 324 2345 ficium,
360 2296 480 2349 Sg.),
514 2297 651 2337 sicher
687 2297 894 2350 (siccitas3
935 2299 1089 2338 cambr.
1122 2296 1312 2336 hodiern.
1352 2295 1553 2349 sychder,
1587 2296 1700 2335 verb.

158 2367 303 2423 syclzu,
330 2366 522 2418 siccare),
547 2367 701 2408 sinsiat
721 2368 796 2421 (gl.
825 2375 974 2417 tenax3
1002 2383 1077 2421 pro
1099 2366 1290 2415 sinthiat,
1315 2365 1511 2414 sentln‘at,
1536 2365 1700 2405 hibern.

158 2445 240 2479 vet.
276 2442 394 2486 sant,
429 2436 619 2490 avaritia)
650 2438 807 2479 Vocab.
840 2438 930 2479 seth
961 2438 1196 2491 (sagittare)
1228 2439 1346 2477 Pass.
1374 2439 1479 2486 223,
1509 2440 1546 2476 1.
1577 2435 1705 2491 seyqlz

159 2508 329 2562 (siccus)
352 2507 408 2547 ib.
439 2512 532 2556 170,
560 2512 627 2547 40.
652 2509 887 2549 Armorica:
921 2508 1058 2549 scebet
1078 2508 1293 2561 (siccatus)
1316 2507 1429 2547 Buh.
1459 2510 1552 2555 168,
1580 2510 1618 2546 8.
1643 2521 1704 2546 se-

159 2579 308 2633 bezaff
326 2580 534 2632 (stupere,
561 2578 761 2631 turbari),
797 2585 930 2620 soezet
958 2580 1188 2631 (turbatus)
1212 2583 1259 2628 4,
1288 2582 1327 2617 9.
1358 2582 1422 2617 13.
1447 2592 1491 2618 so
1523 2579 1621 2631 (est)
1643 2577 1701 2630 fq.

160 2651 213 2690 In
233 2649 370 2689 medio
392 2655 433 2689 et
452 2650 551 2697 fine,
577 2649 764 2689 cornica:
791 2665 889 2690 (esen
912 2649 1114 2703 (asinus),
1140 2649 1226 2689 esel
1244 2650 1511 2700 (membrum,
1536 2648 1700 2688 hibern.

159 2729 242 2761 vet.
268 2720 373 2769 asil,
398 2720 455 2773 gl.
482 2726 611 2769 artus,
638 2721 758 2773 Sg),
784 2720 863 2760 isot
884 2721 1120 2772 (deorsum3
1155 2719 1206 2759 cf.
1233 2719 1396 2759 hibern.
1423 2726 1505 2759 vet.
1531 2718 1615 2767 isil,
1641 2718 1703 2757 in-

160 2791 314 2844 ferior),
340 2790 540 2832 neshem'n
563 2792 638 2842 (=
658 2791 878 2840 nessemz'n,
902 2791 960 2844 gl.
985 2790 1280 2845 propinquus),
1306 2790 1445 2832 cassin
1468 2789 1700 2842 (osculum;
