1897 3072
290 92 322 130 Ῐ.
362 95 399 130 2.
463 104 689 131 coNSONAE
713 104 990 132 IncrroANTEs
1012 105 1258 135 EARUMQUE
1281 104 1497 132 INFECTIO.
1591 94 1663 133 191

551 318 779 364 CAPUT
837 318 1234 364 SECUNDUM.

169 466 244 511 De
270 464 489 510 consonis
514 480 652 510 voces
677 463 1019 510 inchoantibus
1046 480 1308 524 earumque
1333 465 1611 514 infectione.

235 622 357 661 Patet
374 619 463 674 jam
485 634 536 660 ex
557 619 622 669 iis,
649 634 754 673 quae
778 618 991 673 disputata
1016 627 1115 660 sunt
1138 620 1372 674 hucusque,
1399 636 1602 665 consonas
1624 625 1669 666 in

122 691 243 731 initio
273 705 436 739 vocum,
462 705 548 730 non
578 691 714 730 solum
744 705 901 739 earum,
927 704 1032 743 quae
1063 698 1163 730 sunt
1184 691 1229 731 in
1254 693 1436 733 secundo
1458 694 1525 733 vel
1546 695 1668 735 tertio

123 762 211 802 loco
233 759 464 813 compositi,
490 761 561 799 sed
592 759 719 800 etiam
749 774 855 814 quae
888 766 988 799 sunt
1010 766 1126 800 extra
1148 761 1492 815 compositionem
1514 765 1668 805 solum-

121 832 244 871 modo
274 830 319 869 in
347 829 656 869 constructione
684 829 900 878 sermonis,
926 828 1196 870 infectionem
1225 831 1363 871 subire
1385 833 1668 886 qualemcum—

123 915 217 954 que,
244 907 368 953 atque
389 899 500 953 leges
531 899 619 953 ejus
641 899 879 940 infectionis
901 906 989 939 tam
1009 899 1054 939 in
1074 900 1289 942 hibernica
1309 902 1456 956 lingua
1476 919 1603 957 quam
1624 905 1669 946 in

121 969 357 1011 britannica
386 984 471 1009 non
501 969 662 1010 differre
693 969 942 1024 generaliter
963 985 987 1010 a
1007 970 1169 1024 legibus
1192 978 1233 1011 et
1253 972 1409 1026 regulis
1431 973 1669 1016 infectionis

122 1041 167 1080 in
197 1040 334 1080 medio
367 1046 407 1079 et
436 1040 520 1079 fine
550 1055 715 1080 vocum.
759 1040 828 1080 Ita
856 1054 1062 1080 consonae
1083 1040 1329 1082 inchoantes
1352 1046 1579 1086 secundam
1599 1060 1669 1086 Vo-

123 1125 213 1150 cem
240 1110 285 1149 in
307 1110 508 1163 exemplis
530 1110 778 1151 hibernicis:
814 1116 985 1151 muniar
1013 1111 1170 1152 cessccz'r
1200 1112 1376 1164 (familia
1397 1115 1627 1169 Caesaris),
1654 1117 1672 1158 z·

124 1181 218 1221 calle
240 1180 303 1226 (in
318 1194 462 1233 pugna
477 1196 487 1228 3
513 1195 564 1220 ex
580 1181 624 1221 ill
643 1196 691 1221 ccc
699 1181 775 1236 th),
796 1195 861 1221 mo
879 1181 1057 1231 cleene'el,
1077 1196 1142 1221 mo
1160 1182 1319 1223 amand
1338 1186 1489 1237 (genus
1507 1201 1663 1237 meum,

123 1250 259 1304 proles
281 1252 414 1301 mea),
447 1264 511 1290 mo
542 1250 631 1290 thol
649 1252 861 1303 (voluntas
888 1254 1023 1304 mea),
1050 1252 1101 1292 clo
1122 1252 1292 1305 phopzcl
1320 1255 1512 1309 (populo)
1537 1258 1668 1298 obviis

124 1320 169 1360 in
191 1321 309 1368 Wb„
335 1328 570 1373 sequuntur
600 1322 765 1361 easdem
795 1322 976 1375 regulas,
1003 1337 1105 1376 quas
1135 1332 1370 1376 sequuntur
1398 1325 1444 1365 in
1471 1328 1607 1367 medio
1630 1336 1671 1369 et

124 1393 209 1431 fine
238 1391 282 1430 in
312 1391 482 1431 vocibus
514 1404 630 1431 maro
660 1393 809 1445 (equus
823 1408 834 1440 3
870 1407 890 1431 c
911 1406 997 1431 non
1018 1392 1172 1432 infecta
1192 1394 1244 1433 ob
1264 1394 1558 1449 positionem),
1584 1398 1670 1439 σοῖο

126 1462 353 1516 (quinque3
379 1476 400 1501 e
423 1460 576 1513 coine),
604 1461 745 1501 lethem
768 1461 918 1513 (latus3
945 1476 966 1501 e
989 1462 1133 1515 lemn),
1159 1463 1290 1512 eethz'r
1312 1465 1510 1517 (quatuor
1518 1483 1529 1515 3
1563 1481 1584 1507 e
1606 1483 1668 1508 ce-

126 1532 215 1585 tir),
242 1532 313 1572 eelz.
336 1534 406 1584 (ex
428 1546 471 1570 ec
491 1552 547 1563 Ξ
568 1545 630 1583 ep,
658 1545 815 1584 equus3
844 1536 871 1580 l,
899 1547 919 1571 c
939 1531 1116 1572 infectae
1138 1540 1255 1573 extra
1274 1533 1560 1589 positionem).
1601 1538 1670 1579 Fit

123 1616 245 1656 porro
276 1601 444 1641 infectio
473 1615 678 1642 consonae
699 1601 727 1641 lc
747 1601 929 1642 nominis
950 1602 1020 1642 hez·
1044 1602 1089 1642 in
1111 1603 1313 1657 exemplis
1335 1606 1550 1646 cambricis
1573 1622 1670 1648 con-

125 1671 317 1712 structis:
359 1687 384 1712 a
413 1671 506 1712 elaea?
538 1673 598 1724 (et
628 1671 796 1724 Caius),
827 1687 855 1726 y
888 1672 960 1726 9θὶ
994 1673 1065 1726 (ad
1093 1673 1266 1723 Caium,
1293 1674 1439 1727 Caio),
1473 1678 1673 1731 mynyleez‘

127 1741 272 1794 (Caius
294 1744 430 1795 meus)
454 1743 569 1782 Mab.
595 1742 739 1782 eodem
762 1743 885 1782 modo
907 1749 955 1783 ut
975 1742 1021 1783 in
1041 1743 1178 1783 medio
1198 1744 1265 1784 vel
1286 1746 1370 1785 fine
1391 1759 1541 1786 vocum
1566 1747 1670 1789 buck

127 1814 202 1865 (=
223 1812 334 1861 buco,
359 1827 481 1852 vacca
498 1828 509 1861 3
545 1813 665 1854 achei
681 1827 756 1866 pro
778 1828 827 1853 ac
848 1812 932 1866 cai)
945 1845 957 1863 ,
982 1814 1262 1869 marchoyyon
1294 1815 1487 1868 (equites,
1514 1831 1536 1857 e
1557 1831 1669 1859 mar-

126 1883 299 1936 elmwc),
325 1882 489 1936 cmylzezc
511 1883 654 1936 (mors,
675 1898 726 1923 ex
748 1885 914 1937 cmcou).
954 1883 1164 1924 Videntur
1185 1892 1326 1925 tamen
1348 1888 1553 1939 quaedam
1574 1903 1670 1929 con-

126 1953 340 2002 tradicere,
366 1967 442 1993 nec
473 1953 616 1993 statim
645 1953 754 1993 clara
785 1968 821 1993 e.
845 1968 908 2007 gr.
934 1961 996 1994 est
1027 1969 1152 1995 causa
1181 1954 1442 2006 infectionis,
1469 1971 1543 1997 cur
1572 1959 1670 1999 scri-

125 2031 249 2077 ptum
280 2023 520 2064 inveniatur
557 2023 768 2064 hibernice
807 2024 1077 2066 airolmmech
1108 2025 1359 2079 (princeps),
1386 2026 1673 2080 fi'rtlerebaz're

129 2096 243 2146 (vera
263 2094 520 2147 prudentia),
543 2093 642 2134 imm
665 2094 795 2135 chelm
819 2094 944 2147 (circa
965 2097 1124 2148 caput),
1150 2111 1247 2136 cum
1267 2096 1406 2150 potius
1429 2097 1480 2137 ob
1501 2099 1672 2151 positio-

127 2178 226 2203 nem
254 2178 350 2203 cum
380 2163 539 2216 liquida
570 2165 898 2217 exspectandum
921 2164 975 2204 sit
995 2165 1259 2214 ccircimwclc,
1280 2166 1545 2219 firtrebccz're,
1571 2170 1671 2211 imm

129 2249 255 2281 cmm,-
289 2233 374 2273 sive
402 2248 475 2273 cur
510 2233 713 2273 cambrice
753 2233 957 2274 scribatur
994 2234 1191 2275 arbetmz’c
1221 2234 1453 2290 (princeps,
1486 2252 1507 2277 e
1536 2241 1668 2280 subst.

123 2305 253 2357 poma)
297 2311 339 2343 et
374 2310 518 2343 contra
546 2310 641 2357 post
672 2304 846 2343 eandem
882 2318 1108 2345 consonam
1141 2305 1407 2360 ecstortlzeyrn,
1443 2309 1671 2365 yortloegsrn

129 2376 325 2428 (magnus
354 2373 574 2422 dominus3
616 2373 927 2428 Gurtlm'yernus
957 2391 1000 2415 n.
1025 2391 1088 2430 pr.
1114 2375 1216 2424 viri,-
1249 2390 1271 2416 e
1303 2377 1435 2417 subst.
1463 2385 1595 2434 leym,
1623 2380 1671 2421 te·-

124 2447 262 2499 96772).
307 2444 493 2485 Solvitur
514 2445 802 2496 contradictio,
828 2446 863 2487 si
893 2446 1165 2487 conferuntur
1186 2447 1493 2488 vetustissimae
1515 2448 1669 2489 formae

128 2529 292 2563 vocum,
319 2514 475 2555 scilicet
503 2515 618 2556 ambi
644 2531 719 2570 pro
751 2517 875 2567 imm,
902 2517 990 2567 ari,
1023 2532 1096 2557 are
1126 2532 1200 2571 pro
1231 2517 1298 2558 air
1320 2521 1380 2572 (p.
1408 2522 1446 2557 6.
1472 2523 1533 2572 7),
1560 2520 1671 2559 unde

128 2584 243 2624 ambi
271 2599 372 2625 Genu
403 2592 444 2624 et
465 2585 683 2627 arecimwo
703 2588 813 2628 fiunt
835 2588 957 2628 imme
979 2588 1124 2638 claena,
1150 2588 1249 2628 imm
1272 2588 1402 2628 elzemz
1424 2596 1465 2628 et
1487 2588 1670 2629 ae'rclze'n—

128 2654 230 2695 necle
246 2654 472 2704 hibernice,
488 2663 529 2696 et
545 2658 768 2710 ccrepemzio
785 2659 987 2700 cambrice
1004 2658 1215 2708 ccrbenm'c,
1231 2658 1417 2712 arbem'ss,
1439 2659 1670 2699 secundum

129 2725 319 2779 regulam
338 2726 548 2780 propriam
565 2728 768 2782 cujusque
785 2729 970 2784 linguae,
992 2730 1118 2770 unius
1135 2744 1241 2784 quae
1258 2729 1411 2782 aspirat
1429 2736 1545 2768 extra
1560 2729 1670 2782 posi-

132 2796 304 2845 tionem,
321 2796 505 2846 alterius,
523 2812 627 2851 quae
644 2799 849 2840 destituit.
880 2801 933 2841 In
951 2801 1178 2854 composito
1195 2799 1357 2840 hibern.
1367 2797 1666 2852 fi'rtlcrebaz're,
