1897 3072
211 165 297 204 III.
326 167 364 204 2.
410 177 543 204 VERBI
567 176 826 203 RRITANNrcr
849 175 995 202 ACTIVI
1019 175 1227 203 TEMPORA
1251 174 1542 202 SECUNDARIA.
1607 161 1686 200 513

137 291 234 332 may
265 277 466 317 leversens
488 277 558 329 (P.
584 275 699 316 dedit
726 276 988 323 mandatum,
1014 282 1060 315 ut
1082 275 1289 322 dicerent3
1322 273 1381 314 ita
1403 273 1571 327 quidem
1593 273 1685 327 lego

137 361 211 400 pro
234 346 438 400 corruptis
461 346 660 394 hemer-re,
688 346 915 397 lever-rans)
941 348 1035 393 241,
1065 347 1102 384 2.
1131 348 1226 393 250,
1254 349 1292 384 2.

251 416 517 456 Armoricum
538 415 779 468 exemplum
800 414 1058 468 conjunctivi
1079 414 1206 468 hujus
1230 414 1426 467 temporis
1448 428 1469 453 e
1492 413 1604 453 Buh.
1622 428 1630 453 :
1660 427 1686 453 α

139 486 223 541 huy
236 486 382 540 proffe
407 518 415 525 .
445 518 453 525 .
479 501 523 526 ez
543 485 686 525 roseos&
710 484 768 525 [In
791 487 864 537 (an
884 484 1127 537 probaretis,
1153 486 1265 538 quod
1287 483 1481 523 dederitis
1504 483 1685 535 1111111113)

142 562 237 606 170,
267 561 332 596 14.
379 557 462 597 Sed
491 556 692 596 hodierna
713 555 860 608 lingua
881 570 932 594 ex
954 555 1031 594 hoc
1054 562 1237 608 tempore
1260 554 1338 594 sibi
1360 553 1686 593 conditionalem

138 627 331 667 formavit
352 627 430 666 hoc
451 626 595 665 modo:
627 624 745 678 Sing.
772 629 807 664 1.
834 625 1022 665 Ιαιηῑθηη
1046 627 1270 677 (canerem,
1295 638 1370 677 pro
1391 624 1614 675 lucmsemz),
1643 626 1681 662 2.

139 697 309 745 lcanzez,
338 701 376 736 3.
402 697 547 737 kateze.
584 695 702 735 Plur.
733 699 768 734 1.
794 695 996 747 lsscmzemp
1019 696 1314 747 (caneremus),
1351 698 1389 734 2.
1416 693 1614 742 kccnzecle,
1643 697 1680 732 3.

140 767 332 808 ltcmzent.

563 925 825 964 Futurum
865 922 1267 963 secundarium.

258 1049 430 1090 Servata
451 1055 514 1088 est
534 1048 579 1087 in
601 1048 801 1088 armorica
821 1047 968 1101 lingua
989 1046 1116 1100 hujus
1140 1045 1336 1099 temporis
1358 1046 1490 1086 forma
1510 1045 1689 1099 origina—

142 1119 217 1169 ria,
243 1135 325 1173 qua
353 1118 523 1172 quidem
551 1133 637 1158 non
668 1118 848 1171 amplius
879 1117 1141 1170 significatur
1161 1115 1428 1165 indicativus,
1455 1116 1527 1156 sed
1549 1115 1689 1155 condi-

144 1190 327 1239 tionalis,
348 1189 393 1229 111
415 1203 539 1242 (1110111
559 1187 781 1243 praecipue
804 1202 974 1227 sensum
989 1186 1080 1239 jam
1102 1185 1268 1225 transiit
1284 1185 1411 1225 etiam
1427 1185 1690 1225 hibernicum

142 1260 333 1300 futurum
365 1258 660 1299 secundarium
683 1260 743 1311 (p.
771 1260 886 1309 454),
910 1256 955 1296 in
985 1271 1110 1310 quem
1138 1255 1240 1295 item
1270 1264 1312 1295 et
1333 1255 1500 1295 transiit
1521 1255 1691 1295 armori-

144 1345 241 1370 cum
272 1330 544 1384 praeteritum
565 1328 876 1376 secundarium,
903 1334 950 1367 ut
970 1327 1093 1366 modo
1115 1326 1449 1366 demonstratum
1469 1333 1545 1366 est.
1591 1326 1690 1365 Cor-

143 1401 253 1449 nica,
279 1415 385 1454 quae
413 1408 649 1453 temporum
680 1397 1019 1438 secundariorum
1049 1395 1272 1449 praeterito
1305 1403 1472 1436 tantum
1500 1396 1688 1448 frequen-

145 1471 229 1512 tius
257 1471 404 1519 utitur,
429 1470 564 1510 multo
594 1469 735 1509 minus
768 1482 894 1522 quam
915 1480 1110 1520 praesens
1133 1466 1312 1507 servavit
1332 1466 1523 1506 futurum
1545 1479 1691 1505 secun-

145 1541 324 1582 darium.

259 1613 434 1652 Formae
472 1611 696 1651 armoricae
733 1609 856 1650 hodie
898 1622 1064 1662 quoque
1095 1607 1392 1648 concordantes
1425 1621 1522 1646 cum
1550 1605 1692 1647 formis

148 1690 383 1737 temporum
411 1681 754 1721 secundariorum
784 1678 1126 1732 praecedentium
1164 1685 1265 1717 sunt
1295 1677 1387 1716 hae.
1415 1676 1487 1729 Sg.
1518 1681 1554 1716 1.
1589 1676 1692 1716 kan-

135 1754 250 1808 femz
291 1754 544 1804 (canerem),
581 1755 618 1790 2.
645 1751 824 1804 kanfez,
853 1754 891 1788 3.
926 1749 1070 1803 kanfe.
1116 1748 1182 1788 Pl.
1213 1753 1249 1787 1.
1276 1747 1476 1800 lsanfemp
1509 1748 1693 1798 (canere-

148 1825 283 1876 mus),
312 1825 349 1861 2.
376 1822 574 1875 kmgfech,
612 1826 649 1861 3.
676 1822 867 1875 lucensem.
914 1817 1279 1872 Impersonaliter:
1315 1817 1388 1870 Sg.
1418 1821 1453 1855 1.
1482 1819 1520 1856 2.
1549 1821 1587 1856 3.
1613 1831 1691 1864 me,

149 1899 210 1942 te,
246 1907 320 1933 eon
351 1908 376 1933 α
408 1892 555 1946 9anfe.
611 1892 677 1932 Pl.
708 1896 743 1930 1.
772 1895 810 1930 2.
839 1895 877 1929 3.
910 1889 980 1937 φεῖ,
1015 1888 1135 1937 elmi,
1171 1888 1265 1928 kint
1293 1901 1318 1927 α
1344 1887 1491 1940 [samse.
1537 1887 1695 1926 Eadem

147 1964 280 2004 forma
301 1977 397 2002 cum
418 1961 623 2016 particula
646 1977 696 2002 ra
718 1959 977 2015 conjunctivi
998 1958 1136 1999 indice
1156 1957 1356 1998 armorica
1373 1955 1582 2009 significat
1598 1970 1694 1996 con-

141 2033 384 2087 junctivum
420 2033 650 2087 praesentis
691 2029 949 2073 secundarii:
986 2043 1036 2069 ra
1063 2028 1253 2082 ιᾳαὶζβθηη
1286 2029 1352 2079 (ut
1382 2028 1614 2079 canerem),
1646 2040 1695 2066 m

143 2104 347 2158 ¹qcmfiemp
370 2105 436 2155 (ut
457 2105 734 2154 caneremus).

264 2175 317 2212 In
357 2172 562 2212 cambrica
598 2172 764 2225 lingua,
807 2184 912 2223 quae
957 2169 1126 2222 signum
1164 2167 1294 2208 futuri
1339 2167 1494 2220 ubique
1537 2166 1691 2215 amisit,

150 2242 392 2284 commixtio
413 2241 522 2282 inter
543 2242 621 2281 hoc
643 2249 807 2294 ternpus
830 2247 871 2280 et
887 2254 1082 2293 praesens
1101 2237 1394 2278 secundarium
1412 2237 1556 2277 eodem
1572 2237 1696 2276 modo

150 2321 239 2353 orta
261 2320 337 2361 est,
358 2320 406 2352 ut
427 2312 536 2352 inter
556 2312 747 2351 futurum
769 2317 810 2350 01
830 2324 1025 2364 praesens
1043 2307 1302 2362 primarium.
1338 2308 1538 2347 Attamen
1556 2306 1696 2347 existi-

151 2384 355 2424 mandum
386 2389 463 2431 est,
497 2382 638 2435 plures
670 2380 796 2434 hujus
828 2379 1025 2433 temporis
1057 2392 1253 2432 personas
1287 2384 1468 2418 servatas
1498 2391 1602 2425 esse,
1628 2391 1696 2417 eas

151 2454 309 2495 scilicet
330 2467 507 2506 quarum
528 2450 840 2492 terminationes
862 2450 1061 2490 differunt
1081 2448 1214 2488 vocali
1237 2463 1257 2488 0
1276 2449 1400 2501 (quae
1420 2447 1556 2487 soluta
1573 2446 1698 2486 fuerit

152 2539 173 2564 e
195 2523 315 2577 signo
336 2521 468 2563 futuri
482 2522 524 2576 f
537 2536 633 2561 cum
654 2520 866 2561 vocalibus
889 2520 974 2559 suis
986 2536 996 2567 3
1028 2519 1079 2558 cf.
1100 2534 1142 2572 p.
1169 2520 1265 2570 160)
1287 2533 1311 2557 a
1334 2515 1696 2568 terminationibus

152 2608 248 2634 cum
269 2592 401 2633 vocali
423 2607 442 2632 e
463 2592 529 2632 vel
550 2591 568 2631 i
584 2591 816 2645 praesentis
839 2588 1087 2630 secundarii.
1124 2589 1243 2631 Quae
1266 2586 1578 2627 terminationes
1601 2600 1698 2625 cum

152 2662 285 2703 vocali
321 2677 342 2702 o
378 2662 503 2702 etiam
538 2677 562 2702 a
588 2659 870 2715 grammaticis
902 2658 1126 2700 hodiernae
1154 2658 1325 2711 linguae
1355 2656 1432 2695 sub
1462 2656 1604 2696 futuro
1632 2656 1697 2695 vel

154 2732 280 2773 etiam
309 2732 451 2772 futuro
482 2732 664 2772 secundo
692 2737 970 2784 reponuntur.
1016 2729 1127 2769 Sunt
1154 2742 1255 2768 usus
1277 2725 1493 2765 indicativi
1516 2726 1697 2765 velcon-

149 2801 345 2856 junctivi,
372 2816 468 2841 cum
490 2800 782 2841 conditionalis
805 2799 1063 2853 significetur
1084 2803 1302 2852 praesente
1325 2795 1584 2835 secundario.

269 2872 474 2926 Exempla
496 2886 517 2910 e
539 2872 642 2924 Leg.
668 2878 709 2910 et
730 2870 869 2910 codice
891 2869 1030 2908 rubro.
1075 2867 1193 2920 Sing.
1226 2871 1260 2906 l.
1286 2873 1324 2905 et
1349 2869 1388 2905 2.
1413 2880 1476 2918 ps.
1502 2880 1588 2905 non
1608 2879 1701 2920 pos-

224 2948 307 2973 VOL.
330 2939 359 2972 I.
1378 2936 1427 2970 33
