1897 3072
144 82 243 118 VIH
791 88 1050 116 PRAEFATm.

146 193 199 239 in
223 191 537 252 inscriptione
563 190 761 237 obv-ium
790 189 884 251 (ap.
908 189 1053 236 Grut.
1080 190 1193 243 902,
1228 190 1272 252 5)
1301 190 1354 236 in
1377 192 1547 237 eadem
1570 206 1691 252 pene

147 269 304 317 forma
323 275 395 316 est
418 285 597 315 nomen
617 269 710 316 viri
735 267 1065 314 britannicum
1090 268 1478 329 vulgatissimum
1492 308 1501 324 ,
1540 269 1592 315 in
1616 285 1695 315 ve-

150 350 350 397 tustiore
381 349 638 400 Caratauc,
678 348 731 393 in
762 346 1029 392 recentiore
1054 346 1276 398 Oaradoc,
1318 348 1545 409 Caradoy,
1582 349 1697 392 dum

148 428 344 476 nonnisi
368 426 518 473 semel
542 426 664 471 mihi
688 425 896 471 occurrit
920 424 1225 470 hibernicum
1247 425 1475 471 Carthach
1505 426 1568 487 (p.
1592 425 1692 487 83).

287 508 428 552 Duae
454 510 568 550 sunt
591 504 757 563 itaque
782 503 1040 549 varietates
1065 503 1263 549 celticae
1287 502 1485 564 linguae
1517 503 1699 563 praeci—

151 602 294 647 puae.
324 585 411 630 Est
430 600 529 629 una
546 583 647 628 hib
659 582 821 628 ernic
833 598 876 635 a,
894 598 955 627 ex
969 598 1065 642 qua
1075 586 1369 643 propagatae
1382 581 1700 642 suntlinguae

153 666 313 711 adhuc
339 667 584 709 exstantes
607 661 755 722 hujus
780 661 993 722 generis,
1033 660 1085 705 in
1106 660 1350 706 Hibernia
1373 660 1478 720 ipsa
1501 660 1703 706 hiber-

153 744 288 789 nica
311 741 624 794 hodierna,
668 745 717 785 et
749 739 801 785 in
826 739 1083 785 Britannia
1106 738 1158 784 in
1183 739 1450 792 montibus,
1485 754 1605 798 quos
1631 738 1703 783 di-

155 828 273 869 cunt
312 821 512 868 scoticos
533 858 541 873 ‚
591 817 826 881 gaelica
865 818 912 878 (i.
955 833 997 863 e.
1040 817 1311 878 gaedelica,
1331 816 1359 843 ἠὲ
1401 822 1458 863 ut
1491 816 1704 863 Hiberni

247 1047 263 1064 ²*
288 1047 372 1080 Tres
390 1045 453 1078 filii
472 1044 628 1079 L'snechi
652 1044 689 1078 in
706 1048 849 1077 vetusta
865 1043 1049 1077 hibernica
1065 1042 1267 1076 narratione
1286 1041 1330 1075 de
1347 1052 1470 1075 eorum
1487 1040 1635 1075 interitu
1654 1039 1706 1073 di-

157 1109 286 1138 cuntur
314 1104 363 1136 tri
388 1101 523 1135 coz'nnle
546 1100 776 1146 (ulis-(seclorum
802 1100 932 1144 qaedal
957 1100 1039 1144 (tria
1062 1099 1199 1133 lumina
1224 1098 1352 1132 valoris
1368 1096 1620 1141 Gaedalorum)
1649 1095 1705 1129 ed.

157 1160 305 1195 O’Flan.
326 1170 361 1203 p.
384 1160 438 1191 20.
460 1161 514 1192 78.
558 1158 601 1191 In
628 1168 669 1190 ea
693 1157 895 1190 narratione
921 1156 1066 1201 scriptio
1089 1168 1129 1188 ae
1147 1155 1286 1188 obtinet
1302 1166 1375 1187 non
1393 1155 1508 1188 solum
1526 1165 1589 1198 pro
1608 1157 1708 1186 vetu-

158 1217 265 1251 stiore
284 1215 330 1256 (ii,
352 1228 382 1249 e.
403 1227 456 1260 gr.
476 1214 512 1247 in
530 1226 587 1247 aes
609 1213 730 1259 (aetas,
751 1218 822 1247 vet.
836 1213 899 1254 ciis,
921 1214 989 1254 a'cs,
1010 1212 1190 1246 interdum
1209 1211 1291 1256 (ies),
1312 1211 1374 1244 sed.
1393 1210 1498 1245 etiam
1516 1222 1579 1255 pro
1597 1209 1642 1250 ὁὶ,
1675 1220 1706 1242 e.

157 1286 211 1319 gr.
232 1273 268 1306 in
286 1284 348 1305 aen
372 1271 490 1316 (unus,
517 1275 588 1305 vet.
610 1272 683 1311 oen,
704 1270 772 1312 o'z'n,
793 1281 976 1314 nunquam
995 1269 1087 1314 tien),
1117 1268 1168 1302 ita
1194 1272 1234 1301 ut
1257 1267 1379 1312 colligi
1405 1267 1519 1312 possit
1536 1265 1710 1300 vetustior

157 1332 272 1364 forma
298 1328 454 1362 nominis
481 1332 543 1360 aut
568 1326 693 1371 ῃάῖᾶαἰ
719 1332 781 1360 aut
803 1326 936 1371 (lciidal.
987 1325 1146 1369 Utraque
1173 1324 1318 1368 scriptio
1342 1323 1495 1357 alternat
1518 1323 1555 1356 in
1573 1321 1706 1356 Annal.

158 1385 297 1421 Inisfal.
319 1397 374 1430 ap.
397 1384 531 1418 O’Con.
554 1386 585 1424 2,
609 1387 663 1416 50.
684 1385 721 1415 51
741 1385 822 1428 :fir
839 1382 970 1416 nerend
985 1385 1056 1414 cler
1080 1381 1183 1426 [lulla
1202 1383 1219 1413 7
1236 1379 1394 1424 (saedelu,
1414 1381 1473 1424 fir
1491 1378 1622 1412 ueremi
1638 1381 1711 1411 etm-

155 1443 259 1489 (sulla
287 1445 303 1475 Τ
328 1440 472 1486 (scedola
509 1439 589 1484 (viri
614 1439 812 1472 Hiberniae
830 1444 902 1472 tam
923 1438 1143 1482 alienigenae
1166 1448 1271 1482 quam
1298 1435 1474 1481 Gaedeli),
1511 1440 1546 1468 et
1574 1447 1609 1480 p.
1639 1437 1707 1467 75:

158 1498 343 1533 Ilsurclead
365 1497 400 1530 ri
413 1496 492 1541 (sall
510 1500 526 1529 7
544 1496 666 1541 (soedcl
690 1495 724 1529 in
743 1494 928 1527 Atheliath
951 1493 1016 1538 (M.
1036 1506 1098 1527 rex
1117 1494 1398 1538 alienigenarum
1417 1497 1452 1526 et
1470 1491 1710 1526 Gaedelorum

158 1555 355 1600 Dublinii).
382 1554 474 1587 Item
487 1553 561 1597 jam
580 1553 617 1585 in
634 1551 891 1585 vetustioribus
911 1550 1103 1592 codicibus,
1125 1550 1162 1584 in
1181 1550 1298 1584 Gloss.
1313 1549 1430 1583 Corm.
1452 1553 1488 1581 et
1504 1547 1613 1581 Leab.
1625 1546 1709 1580 Bm

159 1613 201 1647 (lo
216 1612 375 1658 yaedelzc,
397 1623 415 1642 0
430 1608 574 1653 [medela
596 1608 646 1653 (-1c
664 1620 727 1654 pro
745 1608 794 1641 -ih
804 1609 833 1653 P)
860 1620 917 1653 ap.
938 1608 1126 1641 O'Donov.
1147 1618 1182 1652 p.
1207 1609 1282 1640 123.
1304 1607 1382 1639 219.
1426 1604 1497 1638 Sed
1514 1604 1552 1637 αι’
1566 1602 1712 1648 scriptio

161 1669 314 1703 occurrit
339 1667 435 1712 apud
454 1665 639 1699 Giraldum
666 1664 916 1698 cambrensem
946 1664 1014 1709 (ap.
1044 1664 1166 1697 Camd.
1193 1675 1229 1708 p.
1250 1662 1354 1707 737):
1379 1660 1493 1694 “dicti
1522 1665 1606 1693 sunt
1627 1658 1712 1692 Gai-

160 1725 239 1767 deli,
262 1725 348 1758 dicti
366 1727 451 1757 sunt
468 1727 502 1755 et
516 1719 655 1762 Scoti‘',
673 1718 882 1754 “hibernica
899 1720 1023 1764 lingua
1041 1731 1131 1764 quae
1150 1723 1185 1752 et
1202 1718 1392 1752 (Jaz'delaeh
1412 1714 1576 1750 dicituff‘.
1596 1716 1653 1749 Ex
1673 1727 1713 1749 ae

162 1783 224 1816 illa
242 1780 434 1826 scriptione
447 1779 523 1825 jam
540 1777 736 1812 recentiore
755 1777 847 1810 facta
864 1776 1037 1810 hodierna
1054 1788 1095 1809 (ιο
1113 1776 1168 1809 vel
1186 1775 1253 1816 cmi,
1274 1780 1315 1808 ut
1332 1775 1368 1808 in
1386 1785 1453 1807 aon
1475 1772 1594 1817 (unus)
1609 1798 1618 1813 ‚
1639 1771 1712 1805 aoz's

166 1839 304 1884 (aetas),
332 1841 478 1882 apparet
496 1836 531 1869 in
551 1834 635 1868 hod.
662 1833 851 1878 yaoz’dlzeal
871 1833 1104 1878 (Hibermm),
1132 1831 1312 1878 yaoiclhz'ly
1335 1830 1472 1876 (lingua
1496 1827 1708 1872 hibernica).

162 1894 356 1929 Peculiaris
375 1897 426 1926 est
446 1893 558 1926 forma
575 1891 679 1925 obvia
696 1890 731 1923 in
743 1891 839 1924 Ann.
852 1890 914 1923 IV.
928 1889 1088 1933 magistr.
1104 1902 1111 1925 z
1130 1888 1262 1932 yam'ml
1274 1891 1290 1921 7
1302 1887 1392 1934 yoz'll
1404 1884 1558 1931 (Gaideli
1577 1889 1612 1918 et
1629 1883 1712 1917 alie-

163 1951 328 1997 nigenae)
351 1949 486 1984 O’Con.
500 1951 532 1990 3,
558 1950 635 1988 761,
657 1959 739 1992 gen.
760 1959 830 1980 mm
854 1945 986 1990 ssam'ml
1004 1948 1081 1979 75-1.
1102 1948 1179 1986 824,
1210 1945 1282 1978 (lat.
1300 1941 1514 1988 (saoindaiblc
1532 1942 1610 1974 348.
1633 1942 1710 1980 809,

164 2013 200 2042 et
219 2008 269 2041 ita
295 2007 331 2041 in
350 2006 428 2039 aliis
447 2005 659 2050 quibusdam
678 2003 784 2044 locis,
806 2003 891 2036 dum
916 2002 953 2035 in
978 2002 1057 2036 aliis
1076 2002 1204 2036 iterum
1222 2000 1327 2034 solita
1344 2000 1456 2033 forma
1480 1997 1631 2031 obtinet.
1669 1995 1714 2029 In

163 2065 297 2110 hymno
315 2063 351 2096 in
371 2062 407 2097 S.
428 2061 621 2095 Patricium
640 2059 837 2093 Hiberniae
863 2058 1001 2092 incolae
1026 2057 1273 2103 significantur
1299 2055 1415 2089 adhuc
1439 2054 1627 2087 Scotorum
1650 2063 1714 2086 no—

164 2123 278 2156 mine:
292 2119 453 2164 prideln's
472 2119 513 2151 do
531 2117 662 2151 seotm'b
677 2115 907 2161 (praedicavit
925 2115 1053 2160 Scotis)
1075 2114 1158 2147 dist.
1178 2116 1228 2154 18,
1250 2124 1329 2146 eum
1350 2115 1363 2144 t
1379 2115 1517 2144 servata
1534 2110 1579 2143 ob
1597 2108 1714 2154 dupli-

166 2190 241 2213 cem
259 2175 600 2222 pronuntiationem,
631 2178 671 2207 ut
698 2173 735 2206 in
762 2175 848 2212 croi,
879 2171 1106 2205 crottichtlzer
1127 2169 1294 2214 (cithara,
1325 2167 1563 2207 citharizatur,
1588 2177 1623 2210 p.
1641 2164 1710 2209 Π),

165 2236 258 2281 plur.
280 2233 459 2267 eruiteclha
487 2231 646 2276 (crottae,
673 2229 816 2274 harpae)
846 2228 989 2261 Deirdr.
1009 2239 1045 2272 p.
1070 2230 1120 2260 10.
1165 2226 1202 2259 Si
1227 2225 1407 2259 confertur
1425 2223 1555 2257 cambr.
1574 2221 1715 2266 ysgywtlc

169 2293 217 2337 (p.
242 2290 317 2335 17³.)
342 2293 377 2322 et
393 2289 532 2322 hibern.
550 2287 659 2331 yaoth
681 2285 847 2331 (impetus
861 2285 904 2330 5³),
932 2284 1028 2330 quod
1047 2282 1260 2328 supponitur
1286 2282 1323 2314 in
1342 2279 1502 2314 Cormaci
1520 2278 1628 2323 gloss.
1649 2276 1715 2310 sub

166 2361 199 2382 v.
212 2345 387 2392 (laodheal
400 2357 456 2389 ap.
469 2343 574 2383 O’R.‚
589 2347 655 2375 eta
666 2353 735 2386 quo
753 2341 812 2375 vix
825 2341 943 2375 differt
954 2341 1066 2374 subst.
1082 2345 1152 2374 vet.
1163 2338 1258 2382 yriid,
1277 2337 1378 2381 ffliz‘th
1393 2336 1547 2380 (ventus,
1568 2345 1603 2378 p.
1617 2332 1712 2377 316),

166 2404 353 2448 utriusque
374 2400 527 2435 nominis
549 2398 762 2443 significatio
789 2398 912 2431 eadem
939 2398 1081 2431 videtur
1097 2396 1218 2435 fuisse,
1248 2394 1272 2427 i.
1291 2405 1322 2426 e.
1342 2391 1504 2437 inquieti,
1524 2388 1716 2434 impetuosi

171 2461 229 2505 (cf.
255 2458 401 2493 nomina
425 2456 638 2503 populorum
665 2453 793 2498 gallica
819 2454 946 2488 Gabali
962 2472 1006 2481 z
1021 2452 1137 2497 (sasaZ,
1166 2462 1222 2495 ap.
1244 2450 1360 2483 Corm.
1382 2458 1508 2494 synon.
1536 2457 1615 2479 cum
1632 2456 1715 2489 yan-

169 2516 281 2557 dheal,
304 2520 338 2548 et
356 2514 517 2553 Cavares,
541 2511 671 2545 cambr.
692 2522 796 2550 eawr,
817 2510 947 2555 gigas).
983 2509 1102 2543 Etiam
1121 2507 1266 2541 tertium
1284 2516 1414 2539 nomen
1432 2507 1613 2537 vetustum
1631 2512 1717 2545 gen-

167 2575 213 2607 tis
231 2571 435 2606 hibernicae
452 2568 554 2609 Fem',
577 2580 594 2601 e
613 2578 683 2611 quo
700 2566 892 2607 Phaenius,
915 2565 1090 2605 Fenisius,
1112 2567 1275 2597 vetustus
1297 2561 1413 2601 heros,
1440 2564 1556 2592 ortum
1575 2557 1713 2597 sumsit,

169 2636 205 2664 et
222 2633 362 2663 vetusta
379 2626 503 2670 lingua
529 2624 701 2659 dialectus
725 2623 867 2657 feniana
894 2621 950 2654 vel
975 2619 1174 2665 phaeniana
1201 2618 1403 2658 dicebat-ur,
1434 2615 1566 2660 legitur
1591 2614 1627 2647 in
1654 2613 1717 2658 hy-

169 2697 253 2720 mno
272 2686 307 2718 in
328 2685 363 2717 S.
383 2681 589 2720 Patricium,
611 2679 694 2714 dist,
718 2682 781 2712 20:
804 2676 965 2722 pridelez's
985 2676 1152 2722 trificlzte
1171 2675 1310 2708 blz'adna
1336 2672 1452 2707 croich
1470 2671 1556 2705 crist
1572 2670 1717 2703 ‹lathua-

173 2742 351 2785 tleibfene.
390 2738 408 2749 “
425 2736 665 2776 Plaudit-avit,
692 2735 866 2769 Patricius
879 2760 887 2775 ,
919 2738 973 2767 ter
992 2732 1120 2777 viginti
1138 2743 1249 2765 annos
1268 2741 1407 2764 crucem
1425 2727 1557 2762 Christi
1575 2725 1718 2771 populis

171 2794 397 2833 Fenioruni.“
418 2796 500 2829 Duo
519 2794 604 2827 haec
622 2792 766 2826 nomina
783 2790 900 2836 gentis
918 2788 1175 2824 obsolesccntia
1192 2788 1228 2821 in
1247 2785 1433 2826 Hibernia,
1449 2785 1539 2828 ilum
1558 2793 1717 2830 perman-
