1897 3072
226 82 250 118 4
564 75 599 115 [-
646 79 680 114 l.
744 87 930 115 VOCALES
952 87 1226 115 HIBERNICAE
1248 88 1426 115 BREVES.

706 303 933 349 CAPUT
980 304 1279 350 PRIMUM.

409 414 482 459 De
508 431 732 461 sonorum
758 415 972 461 seriebus
987 452 996 468 ‚
1028 422 1201 462 natura
1226 421 1274 461 et
1298 415 1575 462 infectione.

672 549 714 593 I.
792 549 935 594 Soni
989 550 1311 595 hibernici.

806 681 857 720 A.
919 681 1166 721 Vocales.

330 814 552 855 Vocalium
582 814 820 869 systemati,
854 817 965 869 quod
994 818 1259 857 observatum
1288 824 1351 858 est
1374 817 1419 857 in
1444 817 1600 871 linguis
1622 816 1763 870 stirpis

216 883 534 937 indeuropaeae,
564 900 651 925 non
682 894 889 939 repugnat
911 887 1057 926 celtica
1082 887 1241 939 lingua..
1276 888 1443 928 Vocalis
1468 889 1522 936 A,
1553 887 1761 927 vocalium

214 960 405 993 centrum
428 962 467 994 et
488 955 766 1009 principium,
801 957 1054 1010 divergendo
1076 958 1238 997 duobus
1261 957 1408 1005 radiis,
1435 965 1640 997 extremas
1664 971 1761 996 con-

216 1031 277 1064 tra
300 1039 342 1063 se
364 1024 519 1078 positas
542 1025 666 1066 habet
689 1027 850 1066 vocales
873 1041 925 1066 cx
946 1042 1031 1066 una
1052 1035 1169 1081 parte
1191 1028 1236 1076 I,
1266 1042 1317 1067 ex
1339 1028 1467 1067 altera
1489 1028 1543 1076 U,
1571 1041 1676 1080 quae
1696 1040 1758 1066 re—

213 1094 400 1147 ligantur
420 1109 494 1148 per
514 1095 781 1136 intermedias
803 1096 848 1136 in
869 1097 1138 1150 principium,
1175 1097 1193 1136 ἱ
1212 1097 1368 1137 seilicet
1388 1096 1597 1136 mediante
1620 1096 1670 1143 Ε,
1697 1101 1759 1135 at-

213 1179 293 1217 que
323 1179 350 1204 u
378 1164 589 1205 mediante
612 1167 663 1205 O.
711 1167 821 1206 Sunt
851 1181 993 1207 omnes
1024 1167 1102 1206 liae
1127 1168 1289 1207 vocales
1311 1175 1384 1207 aut
1406 1166 1637 1219 simplices,
1673 1165 1760 1205 sive

210 1235 416 1283 brech,
443 1243 739 1288 correptae,
767 1244 839 1276 aut
865 1237 1074 1291 dupliceS,
1102 1237 1186 1277 sive
1207 1238 1417 1291 longae,
1451 1237 1754 1290 productae.

210 1305 392 1343 Junctae
429 1312 637 1345 extremae
674 1306 835 1345 vocales
875 1314 947 1346 aut
985 1322 1081 1346 cum
1110 1307 1315 1361 principio
1346 1314 1419 1347 aut
1448 1307 1557 1346 inter
1586 1320 1628 1345 sc
1659 1312 1759 1345 sunt

211 1374 479 1427 diphthongi,
512 1381 593 1413 tres
617 1389 713 1427 ergo
735 1377 812 1424 AI,
838 1377 918 1416 AL*
940 1384 981 1416 et
1004 1378 1082 1426 ΠΤ,
1110 1378 1161 1417 ad
1183 1392 1285 1430 quas
1308 1377 1467 1417 accedit
1489 1391 1540 1416 ex
1561 1375 1756 1416 interme-

209 1444 288 1483 diis
315 1445 406 1484 OE.
453 1445 529 1483 Est
558 1445 707 1485 harum
737 1445 966 1495 vocalium,
1000 1447 1243 1500 praesertim
1265 1447 1532 1501 simplicium,
1572 1445 1633 1486 vis
1656 1445 1756 1485 alte-

209 1528 305 1555 rans
328 1513 437 1553 inter
458 1528 561 1562 sese,
591 1529 716 1567 quam
738 1523 779 1554 et
800 1515 866 1555 hic
889 1530 965 1556 nos
987 1516 1172 1557 dicemus
1195 1517 1478 1557 infectionem.

746 1685 971 1727 Vocales
1012 1688 1216 1728 breves.

321 1805 388 1868 A
409 1836 619 1883 correptae
641 1829 832 1883 exempla
853 1829 898 1869 in
920 1831 1094 1870 vetustis
1117 1830 1359 1871 nominibus
1376 1830 1537 1884 gallicis
1555 1837 1619 1871 sat
1636 1830 1754 1870 exhi-

206 1904 307 1942 bent
330 1902 419 1956 jam
448 1907 594 1956 poetae
622 1903 743 1943 latini
773 1904 979 1944 veteres*
1019 1903 1169 1958 virgil.
1195 1905 1270 1944 ccl.
1302 1910 1346 1954 1,
1382 1910 1455 1945 63:
1491 1912 1564 1946 aut
1592 1905 1752 1946 Arm-in

297 2084 312 2099 ³*
338 2084 371 2116 A
389 2084 502 2128 po‘etis
522 2085 674 2119 romanis
692 2096 819 2118 vocum
837 2083 1042 2129 gallicarum
1061 2085 1198 2119 vocales
1217 2097 1267 2126 ea,
1289 2097 1357 2130 qua
1374 2084 1610 2118 audiebantur
1629 2095 1671 2117 ex
1690 2094 1750 2116 ore

205 2139 403 2183 peregrino,
420 2141 618 2184 quantitate
628 2140 784 2174 redditas
797 2152 883 2181 esse,
897 2152 968 2174 non
986 2140 1144 2182 dubium,
1160 2153 1239 2175 cum
1256 2147 1373 2187 pateat
1387 2153 1429 2174 ex
1448 2145 1597 2185 utraque
1609 2140 1747 2185 lingua,

204 2195 385 2228 hibernica
411 2201 445 2229 et
473 2197 682 2238 britannica,
704 2203 738 2230 et
761 2197 878 2242 plures
903 2199 1028 2241 poetae
1054 2197 1185 2231 fuerint
1203 2197 1349 2242 gallicae
1367 2198 1513 2242 originis
1532 2197 1587 2230 vel
1604 2197 1748 2241 linguae

204 2251 351 2296 gallicae
376 2252 567 2286 habuerint
593 2253 832 2298 cognitionem
846 2280 853 2294 ,
882 2265 912 2286 e.
932 2265 985 2297 gr.
1006 2253 1195 2297 Virgilius,
1223 2254 1400 2294 Catullus,
1422 2254 1625 2294 Ausonius,
1648 2252 1748 2286 Sido-

204 2307 296 2340 nius.
332 2308 431 2341 Haec
457 2309 580 2353 regula
607 2321 677 2342 non
697 2309 891 2343 destruitur
908 2320 978 2341 una
996 2309 1051 2342 vel
1068 2309 1177 2343 altera
1194 2309 1336 2343 licentia
1353 2309 1511 2355 poetica,
1543 2321 1622 2343 cum
1641 2320 1671 2342 e.
1692 2320 1746 2352 gr.

203 2363 409 2409 Propertius
428 2367 459 2405 4,
484 2368 535 2397 10.
557 2368 592 2398 41
618 2365 763 2410 corripit
779 2377 800 2397 α
817 2363 970 2398 nominis
988 2365 1106 2409 gallici
1123 2366 1370 2406 Virdomarus,
1392 2376 1496 2410 quam
1514 2369 1663 2408 utraque
1679 2363 1746 2397 lin—

203 2431 275 2464 gua
299 2419 455 2453 vindicat
480 2420 642 2466 longam,
671 2427 706 2454 et
733 2432 837 2465 quam
864 2420 970 2453 etiam
996 2420 1083 2466 lapis
1109 2427 1268 2455 vetustus
1294 2422 1395 2465 signo
1421 2420 1665 2466 productionis
1684 2432 1745 2453 no-

204 2480 256 2509 tat
276 2475 399 2520 (Orell.
421 2477 543 2521 3582),
564 2477 619 2511 vel
638 2489 716 2510 cum
743 2476 802 2509 alii
820 2479 945 2521 poetae
971 2482 1119 2521 cogente
1136 2482 1248 2511 metro
1266 2477 1467 2523 producunt
1484 2477 1606 2509 breves
1624 2488 1651 2516 e,
1673 2488 1691 2507 0
1709 2476 1743 2509 in

204 2531 406 2566 nominibus
424 2533 670 2574 Aremoricus,
692 2533 924 2573 Caledonius,
946 2532 1202 2565 Mediolanum.
1238 2533 1466 2566 Recentiores
1491 2535 1615 2577 poetae
1633 2532 1746 2564 mino-

204 2589 250 2621 ris
269 2593 352 2622 sunt
369 2589 587 2622 auctoritatis
606 2588 639 2622 in
659 2589 723 2621 hac
740 2600 797 2629 re,
820 2600 849 2621 e.
870 2600 923 2631 gr.
944 2588 1139 2621 Venantius
1158 2589 1395 2629 Fortunatus,
1424 2588 1483 2632 qui
1501 2589 1589 2622 adeo
1608 2588 1745 2621 diversa

204 2645 402 2688 quantitate
426 2645 559 2690 profert
582 2645 723 2678 easdem
759 2645 942 2678 nominum
968 2644 1250 2689 germanicorum
1274 2644 1432 2677 vocales:
1453 2648 1490 2685 4,
1513 2648 1531 2677 3
1557 2643 1742 2687 Thuringi,

204 2701 376 2745 producta
392 2714 426 2742 u,
448 2704 466 2734 4
480 2727 488 2742 ,
509 2703 527 2734 2
547 2706 582 2734 et
599 2703 630 2742 8,
655 2703 667 2733 1
688 2700 900 2744 Thoringia,
922 2705 1014 2733 terra
1031 2699 1204 2744 Toringa,
1225 2705 1385 2745 correpta
1408 2712 1443 2741 0,
1466 2704 1505 2732 ut
1523 2702 1539 2732 7
1553 2725 1561 2739 ,
1584 2702 1599 2732 7
1620 2704 1655 2732 et
1671 2700 1703 2739 9,
1728 2701 1739 2731 l

204 2768 332 2789 nomen
351 2757 486 2798 Dauus,
508 2757 613 2798 Dani,
633 2769 655 2790 a
671 2756 777 2789 modo
795 2756 965 2801 producta
982 2755 1088 2788 modo
1106 2761 1277 2801 correpta.
1305 2756 1441 2789 Eodem
1459 2755 1564 2789 modo
1583 2754 1619 2788 in
1638 2757 1668 2795 3,
1689 2756 1741 2786 12.

209 2810 244 2845 1-1‘
265 2812 417 2846 Musella
434 2825 457 2846 u
474 2813 656 2862 producta,
676 2813 713 2846 in
733 2814 785 2854 10,
810 2815 848 2846 10
867 2811 1017 2845 Mosella
1034 2823 1052 2844 o
1070 2816 1241 2857 correpta.
