1897 3072
148 85 228 120 XII
792 95 1051 122 PnAErArio.

147 210 201 239 ae
243 195 555 241 scientiarum
601 197 943 256 appetentibus
979 196 1093 242 viris
1139 197 1403 257 composita
1439 200 1498 244 ab
1533 199 1694 244 Alano

148 274 193 318 D
205 290 237 318 u
248 290 296 318 m
307 290 333 318 o
343 273 403 318 ul
413 274 430 318 1
442 291 474 319 11
498 277 821 335 presbytero

284 353 554 398 Hibernica
587 354 777 414 lingua,
821 359 1039 399 extrema
1072 359 1119 398 et
1153 353 1328 398 ultima
1361 355 1579 399 omnium
1602 355 1697 400 lin—

144 446 352 491 guarum
368 431 592 491 Europae
619 438 667 476 et
682 432 829 477 Asiae
856 448 883 476 a
906 431 1170 491 primordio
1196 431 1429 485 affinium,
1462 438 1517 478 ut
1537 433 1696 478 Thule

143 509 304 553 insula
348 514 421 554 est
464 509 638 554 ultima
670 510 894 570 Europae
914 548 922 560 ‚
942 509 968 533 ³*
1018 510 1069 554 in
1106 509 1505 568 inquisitionibus
1549 511 1696 572 hujus

143 588 316 647 operis,
350 603 474 646 quae
500 588 550 633 id
576 594 819 647 quaerunt
839 589 1137 648 praesertim,
1171 604 1295 647 quae
1321 587 1505 633 fuerint
1528 589 1697 649 primi—

144 665 271 710 tivae
306 671 355 710 et
389 682 668 712 communes
705 667 905 712 celticae
941 665 1123 712 formae
1167 672 1214 712 et
1253 668 1494 725 quomodo
1533 684 1594 712 ex
1628 668 1696 713 eis

140 744 376 804 prodierit
400 746 640 790 recentior
666 746 894 797 varietas,
936 746 1150 805 primum
1176 745 1337 790 locum
1363 746 1455 790 sibi
1480 746 1695 792 vindicat

140 822 446 882 primamque
473 824 804 885 diligentiam,
846 840 944 868 non
980 824 1136 869 solum
1168 825 1228 868 ob
1263 824 1494 884 majorem
1518 823 1696 869 forma-

140 917 249 946 rum
288 903 561 947 ubertatem
596 903 795 963 linguae
823 902 1000 961 ipsius,
1045 903 1129 947 sed
1163 901 1310 946 etiam
1335 904 1396 947 ob
1431 902 1696 961 copiosiora

140 987 457 1026 monumenta
489 988 677 1027 servata
711 982 763 1026 in
801 980 1048 1025 codicibus
1091 981 1294 1025 vetustis
1328 981 1615 1034 hibernicis,
1667 997 1696 1025 a

141 1059 319 1117 quibus
344 1060 486 1120 longe
514 1066 805 1119 superantur
831 1066 930 1104 tam
955 1075 1157 1104 numero
1183 1075 1330 1117 quani
1356 1065 1692 1104 contentorum

139 1138 278 1196 copia
313 1138 574 1184 britannici
612 1139 798 1183 codices
825 1139 1041 1199 ejusdem
1079 1137 1250 1182 aetatis
1277 1137 1354 1182 vel
1377 1138 1538 1197 potius
1564 1154 1693 1182 cam-

138 1216 282 1269 brici,
327 1217 412 1275 qui
449 1217 633 1262 scilicet
666 1217 755 1262 soli
793 1222 1002 1262 aetatem
1034 1215 1394 1261 hibernicorum
1421 1216 1686 1277 attingunt.

138 1295 244 1340 Hos
265 1311 378 1355 ergo
400 1296 602 1348 codices,
636 1312 697 1341 ex
717 1296 894 1355 quibus
914 1295 995 1339 hic
1014 1295 1137 1339 liber
1157 1294 1322 1347 crevit,
1349 1294 1623 1340 hibernicos
1644 1300 1693 1340 et

136 1373 449 1427 britannicos,
481 1380 529 1418 et
555 1375 729 1419 horum
754 1375 1017 1420 cambricos
1045 1379 1143 1418 tam
1169 1378 1381 1418 vetustos
1407 1389 1554 1431 quam
1580 1389 1690 1417 cum

138 1452 341 1497 cornicis
374 1458 423 1498 et
448 1454 691 1498 armoricis
726 1454 1044 1505 recentiores,
1086 1452 1301 1512 singulos
1340 1452 1605 1511 producere
1642 1456 1690 1497 et

137 1531 407 1576 describere
449 1531 649 1592 (omissis
687 1541 877 1577 tamen.
918 1548 1043 1591 quae
1069 1548 1154 1577 nos
1180 1532 1340 1577 minus
1368 1536 1601 1591 tangunt,
1642 1546 1684 1575 e.

136 1625 207 1668 gr.
229 1608 397 1659 forma,
430 1626 554 1669 quae
576 1610 727 1671 major
747 1617 818 1656 est
838 1609 936 1656 fere
957 1611 1009 1656 in
1028 1611 1267 1663 omnibus,
1290 1609 1463 1654 habitu
1490 1615 1690 1655 externo

137 1687 251 1748 etc.)
279 1688 597 1747 praecipuum
622 1689 769 1750 hujus
795 1690 1028 1749 prooemii
1054 1694 1395 1749 argumentum
1422 1693 1509 1732 est.

228 1841 243 1857 *⁸
269 1841 389 1874 Etiam
414 1842 576 1877 ultimam
602 1844 741 1877 Thulen
767 1844 907 1877 saeculo
935 1845 1050 1877 adhuc
1087 1855 1182 1876 nono
1210 1854 1322 1887 usque
1348 1843 1393 1876 ad
1419 1842 1689 1886 occupationem

135 1897 450 1931 Nordmannorum
478 1900 673 1933 habitatam
701 1901 809 1933 fuisse
835 1901 878 1933 ab
905 1900 1096 1940 Hibernis,
1127 1900 1230 1932 docet
1256 1897 1472 1939 AriFrdde',
1499 1899 1689 1933 historicus

137 1953 335 1995 Islandiae,
366 1954 400 1987 in
432 1954 522 1988 libro
550 1968 614 1988 suo
639 1956 809 2002 inscripto
828 1957 1114 2001 [sle)1{lin{s(du5k‚
1145 1969 1174 1989 e.
1201 1959 1234 1989 l:
1262 1955 1391 1987 Islaml
1407 1955 1691 2000 ²².²s!l(l71²3⁸lsssll¹'⁸⁸

136 2010 180 2040 ἠν
195 2010 356 2053 IVorvessi
371 2012 391 2043 ά
410 2012 533 2055 dossum
551 2013 714 2044 Ilaralds
729 2025 788 2045 ens
798 2013 1004 2057 IIdrfayra,
1028 2039 1035 2045 .
1053 2039 1060 2045 .
1083 2016 1100 2040 Ν
1120 2012 1305 2045 lzmzdrmllz
1325 2011 1368 2043 ok
1389 2014 1428 2043 ΤΟ
1449 2015 1581 2044 vetrum
1600 2012 1691 2055 epti?-

136 2064 247 2097 ΖΝΗ-(Νι
274 2066 411 2100 Krists.
427 2093 433 2100 .
449 2094 456 2100 .
473 2093 480 2100 .
516 2069 591 2101 ΤΙηΖ
628 2081 711 2101 vom
740 2070 800 2101 hlo-
826 2082 925 2102 menn
953 2069 1114 2110 k-›·istm'r,
1155 2068 1244 2101 their
1268 2079 1306 2099 cr
1329 2067 1560 2100 EVordhmonn
1589 2068 1689 2101 lcczlla

126 2132 244 2164 papa,
274 2134 315 2155 etz
336 2123 425 2155 their
440 2125 531 2167 so'rzc
561 2126 685 2157 sallum
712 2127 732 2158 (ἱ
752 2126 872 2166 orant,
901 2126 949 2168 af
969 2125 1042 2157 {leri
1067 2129 1106 2157 at
1131 2124 1219 2157 their
1239 2123 1331 2155 vilda
1349 2123 1418 2167 εἰμι’
1435 2135 1511 2156 resa
1530 2124 1591 2156 hc»)-
1610 2123 1689 2157 m'cllz
1746 2137 1751 2140 ⁴

135 2177 285 2210 Ieez'dhna
303 2191 417 2219 menn,
439 2181 483 2213 ok·
505 2181 575 2213 lein
589 2181 680 2225 eplir
698 2182 755 2214 bw
767 2182 817 2214 Ᾱτν
836 2181 933 2214 irsk
945 2193 966 2213 (ι
978 2194 996 2214 l·
1014 2181 1058 2213 ak
1077 2180 1204 2212 biiillm·
1221 2180 1265 2211 ολ·
1284 2179 1398 2222 hayla.
1424 2180 1485 2222 Af
1497 2181 1571 2213 thri
1586 2181 1693 2214 υιάέέί

131 2233 240 2275 3]»·ι’(]“α
259 2238 297 2267 at
317 2235 406 2268 their
426 2248 509 2269 rom(
535 2249 565 2269 m
581 2250 627 2270 (en
640 2250 661 2269 n
690 2237 704 2269 ι’
713 2250 731 2270 1·
741 2250 757 2269 s
767 2238 789 2270 lc
803 2237 841 2270 ἰν
862 2237 1034 2281 (Islandia
1052 2237 1187 2270 inculta
1204 2243 1257 2270 est
1274 2237 1426 2282 primum
1446 2248 1487 2270 cx
1507 2237 1689 2281 Norregia

134 2289 259 2323 diebus
275 2291 425 2325 Haraldi
445 2293 626 2337 Harsagffl,
647 2293 748 2327 annis
768 2296 832 2326 §70
851 2293 1099 2338 praeterlapsis
1118 2298 1199 2337 post
1217 2293 1397 2326 Christum
1416 2298 1551 2325 natum.
1595 2293 1688 2326 Fue-

133 2350 218 2378 runt
244 2346 293 2379 ibi
319 2348 384 2381 viri
411 2348 614 2389 christiani,
645 2361 733 2393 quos
760 2349 984 2382 Nordmanni
1008 2349 1561 2393 (1101111111111138[Ρ1-οεῦ)·ῐο1·ος],
1590 2353 1625 2382 et
1651 2349 1685 2382 hi

132 2402 298 2436 abierunt
316 2403 398 2436 inde
412 2430 419 2444 ,
448 2405 530 2448 quia
559 2405 751 2438 noluerunt
777 2417 918 2439 manere
942 2406 991 2438 ibi
1017 2417 1096 2438 cum
1116 2405 1198 2437 viris
1217 2405 1383 2449 paganis,
1415 2404 1688 2449 0114311111101111115

130 2457 226 2491 libr
237 2470 257 2491 ο
270 2471 284 2491 s
303 2459 326 2492 h
340 2459 381 2492 ib
394 2472 411 2493 e
422 2461 519 2494 rnie
530 2473 549 2494 o
562 2474 576 2494 s
597 2468 631 2494 et
648 2462 890 2495 tintinnabula
908 2467 943 2494 et
960 2461 1077 2505 virgas
1096 2461 1313 2505 episcopales
1324 2487 1331 2501 ‚
1355 2461 1450 2494 unde
1466 2462 1599 2505 poterit
1617 2462 1686 2495 col-

131 2514 195 2559 ligi
215 2515 311 2559 quod
324 2515 390 2560 ipsi
404 2516 549 2550 fuerunt
566 2518 656 2550 viri
673 2518 936 2561 hibernici).
964 2517 1104 2560 Dignus
1120 2522 1174 2550 est
1189 2517 1248 2561 qui
1267 2522 1411 2550 notetur
1422 2517 1466 2550 ad
1484 2517 1569 2550 haec
1588 2517 1686 2551 locus

132 2570 239 2603 Plinii
254 2571 300 2615 (⁸,
320 2572 372 2616 lo)
390 2585 397 2605 :
414 2570 525 2606 “sunt
543 2573 603 2617 qui
622 2579 657 2606 et
674 2574 759 2607 alias
778 2574 911 2607 insulas
929 2573 1094 2617 prodant,
1110 2572 1310 2613 Seandiam,
1327 2574 1520 2614 Dumnam,
1534 2574 1682 2617 Bergos,

131 2627 393 2672 maximamque
428 2629 587 2662 omnium
620 2629 790 2673 Nerigo
803 2642 825 2662 11
841 2656 847 2669 ,
887 2641 905 2662 e
918 2641 938 2662 x
973 2640 1058 2674 qua
1091 2629 1137 2662 in
1173 2629 1232 2662 Th
1245 2641 1267 2662 u
1280 2629 1318 2662 le
1330 2641 1352 2661 11
1385 2641 1407 2662 11
1419 2641 1436 2662 a
1450 2630 1554 2673 vige
1568 2634 1610 2662 tu
1624 2627 1681 2662 1·”.

130 2682 309 2726 Equidem
330 2690 368 2717 ut
386 2685 541 2729 Berffl'rm
561 2685 667 2718 etiam
684 2686 857 2730 λ’(ψίμοη,
880 2690 996 2719 ortum
1015 2685 1242 2729 corruptione
1261 2697 1303 2718 ex
1322 2685 1458 2725 eodem,
1480 2697 1607 2718 nomen
1628 2697 1684 2718 ve-

129 2743 266 2772 tustum
285 2740 492 2782 Hiberniae,
506 2748 541 2774 et
566 2746 605 2775 ut
621 2741 751 2774 Albion
777 2743 821 2775 ab
840 2742 965 2775 incolis
992 2742 1077 2786 ipsis
1095 2741 1290 2774 insularum
1310 2741 1587 2774 britannicarum
1606 2753 1684 2786 pro-

129 2794 261 2828 fectum
280 2797 414 2841 conjeci
433 2797 469 2830 in
487 2797 578 2831 libro
597 2809 675 2831 meo
694 2798 737 2831 de
757 2798 942 2831 Germanis
961 2798 1200 2843 gentibusque
1218 2797 1342 2832 vicinis
1363 2798 1411 2842 (p.
1436 2800 1474 2833 19
1487 2800 1510 2830 ¹.
1536 2797 1626 2842 193).
