1897 3072
510 873 814 938 LIBER
880 872 1325 939 TERTIUS.

705 1153 807 1204 DE
849 1152 1125 1205 VERBO.

256 1319 445 1359 Verbum
474 1316 694 1370 utriusque
724 1316 917 1370 linguae,
949 1316 1187 1357 hibernicae
1219 1325 1259 1357 et
1290 1316 1573 1365 britannicae,
1608 1331 1693 1356 non

143 1390 280 1430 solum
309 1387 559 1428 flexionibus
589 1388 790 1435 abundat,
818 1388 890 1427 sed
920 1388 1047 1427 etiam
1068 1388 1285 1440 particulis
1307 1387 1606 1427 comitantibus
1629 1401 1693 1425 eo-

143 1462 240 1500 dem
260 1460 344 1499 fere
364 1459 502 1507 modo,
529 1464 576 1497 ut
598 1457 799 1497 articulus
823 1466 884 1498 est
907 1458 1159 1498 substantivi
1180 1472 1331 1498 comes.
1377 1458 1488 1498 Sunt
1509 1470 1582 1497 eae
1602 1471 1694 1510 par-

143 1529 296 1569 ticulae
330 1536 566 1582 temporum
596 1535 637 1568 et
663 1529 884 1567 modorum
910 1528 1155 1582 praesertim
1175 1528 1349 1577 indices,
1373 1529 1557 1568 multum
1578 1527 1694 1581 adju-

142 1607 288 1640 vantes
328 1606 510 1653 systema
540 1598 655 1639 verbi
685 1598 835 1638 celtici.
891 1600 1128 1638 Tradentur
1156 1614 1252 1652 ergo
1282 1599 1450 1653 singula
1480 1598 1617 1652 capita
1644 1598 1695 1638 de

142 1676 367 1723 systemate
387 1668 503 1709 verbi
523 1668 696 1722 ejusque
717 1668 950 1722 particulis,
977 1677 1102 1722 atque
1124 1670 1174 1709 de
1195 1669 1390 1709 flexione.

623 1978 853 2024 CAPUT
898 1980 1202 2025 PRIMUM.

322 2113 396 2157 De
423 2119 679 2173 systemate
704 2114 840 2159 verbi
866 2119 914 2159 et
937 2114 1189 2174 particulis
1214 2113 1508 2159 verbalibus.

258 2244 539 2284 Monumenta
559 2244 787 2284 vetustiora
809 2254 1047 2298 comparata
1069 2253 1153 2286 tam
1176 2246 1284 2286 inter
1306 2260 1348 2286 se
1371 2260 1497 2299 quam
1518 2259 1615 2285 cuni
1632 2260 1691 2284 re-

142 2313 395 2353 centioribus
439 2313 610 2367 linguae
647 2314 966 2355 formationibus
1003 2317 1292 2356 demonstrant
1328 2330 1463 2355 unum
1498 2315 1694 2367 idemque

141 2391 322 2437 systema
359 2384 474 2423 verbi
512 2384 648 2423 celtici
678 2384 941 2438 primitivum
971 2387 1164 2426 obtinens
1195 2401 1269 2440 per
1299 2400 1442 2426 omnes
1474 2386 1689 2425 dialectos,

140 2455 477 2506 Repraesentant
506 2454 551 2493 in
572 2463 750 2507 utroque
772 2469 937 2507 genere,
963 2471 1018 2496 ae
1033 2456 1144 2497 tivo
1175 2464 1215 2496 et
1243 2471 1336 2510 pas
1351 2456 1488 2505 sivo,
1514 2470 1693 2508 quorum

139 2523 217 2563 hoc
249 2524 479 2564 flexionum
501 2524 642 2577 copiae
659 2525 748 2578 jam
770 2532 831 2565 cst
853 2526 1042 2575 minoris,
1068 2526 1147 2566 tria
1170 2534 1376 2581 tempora:
1411 2540 1660 2580 praesens
1676 2557 1688 2574 ,

141 2592 185 2632 in
222 2608 303 2646 quo
342 2595 655 2635 terminationes
685 2610 958 2648 personarum
989 2597 1040 2636 ad
1070 2598 1228 2636 nudam
1258 2596 1439 2636 radicem
1470 2596 1689 2643 accedunt,

140 2664 527 2716 praeteritum,
549 2665 669 2719 cujus
691 2673 790 2705 nota
810 2665 1030 2718 generalis,
1053 2681 1158 2720 quae
1181 2674 1322 2707 tamen
1343 2667 1388 2706 in
1404 2665 1569 2719 passivo
1587 2680 1691 2704 sem-

140 2746 227 2785 per,
247 2732 292 2771 in
314 2733 447 2773 activo
469 2735 634 2788 saepius
656 2737 786 2785 deest,
807 2735 1028 2776 intercedit
1049 2737 1158 2777 inter
1178 2737 1359 2777 radicem
1376 2743 1417 2775 et
1435 2735 1691 2775 terminatio—

140 2815 214 2840 nes
239 2802 282 2851 S,
308 2802 570 2853 futurum,
596 2805 715 2858 cujus
745 2813 844 2845 nota
875 2805 985 2846 inter
1012 2807 1194 2847 radicem
1222 2814 1263 2846 et
1293 2805 1606 2845 terminationes
1628 2812 1691 2845 est.

142 2873 193 2910 Β.
231 2871 342 2912 Sunt
363 2880 504 2914 autem
525 2875 709 2928 duplicia
732 2877 833 2916 haec
856 2884 1056 2929 tempora,
1080 2875 1343 2930 primaria
1371 2874 1529 2914 scilicet
1550 2882 1591 2915 et
1620 2889 1689 2914 se-
