1897 3072
201 45 280 82 156
503 44 540 83 Ι.
579 48 616 83 1.
680 57 905 84 CONSONAE
927 57 1228 85 BRITANNICAE
1250 59 1436 86 MEDIAE.

198 156 394 196 tenuibus
426 157 615 212 apposita
644 156 942 210 aspirationem
970 158 1215 211 regulariter
1246 158 1457 212 significat
1484 159 1525 209 h,
1552 160 1596 200 in
1629 168 1744 201 vetu-

197 226 388 267 stissimis
409 227 558 281 glossis
582 235 631 268 ut
652 227 788 268 adhuc
810 227 950 285 hodie,
968 243 1179 282 nusquam
1199 229 1301 269 alias
1327 236 1499 282 apparet
1519 230 1744 284 subjuncta

196 297 359 337 mediis.
414 299 634 338 Putandae
670 312 767 351 ergo
803 298 963 338 mediae
999 306 1189 353 expertes
1226 299 1493 353 aspirationis
1524 299 1569 339 in
1599 300 1746 354 lingua

196 368 415 417 cambrica,
441 376 578 409 vetere
600 375 641 409 et
661 376 841 408 recente..
879 369 990 410 Sunt
1011 376 1151 410 autem
1173 370 1217 409 in
1239 376 1375 409 vetere
1396 369 1541 423 lingua
1562 372 1740 421 mediae,

196 444 245 477 ut.
276 445 434 478 ceterae
465 453 685 488 consonae,
712 447 901 492 expertes
923 439 1050 480 etiam
1070 439 1308 480 infectionis
1330 439 1597 481 destituentis
1619 455 1743 495 gene-

197 508 272 547 rali
280 516 354 557 ter,
381 516 429 549 ut
448 510 609 563 patebit
631 524 652 550 e
673 509 944 563 sequentibus
967 510 1183 564 exemplis.

309 580 344 618 B
374 580 579 620 cambi-ica
617 580 775 621 intacta
812 580 856 620 in
887 580 1008 621 initio
1041 595 1213 621 vocum:
1255 596 1349 622 nom
1381 582 1421 621 ἰφ-
1451 581 1745 634 ὒίθιφονθιθίίο

196 648 300 688 buch
323 649 398 703 (gl.
419 650 628 704 lanigerae
650 652 805 705 templa
820 651 1043 705 juvencae)
1060 652 1118 705 gl.
1140 652 1279 692 Oxon.
1314 654 1349 692 B
1367 652 1524 692 intacta
1541 652 1744 692 inchoans

196 721 423 760 secundam
444 736 587 761 vocem
608 722 850 775 compositi:
879 722 1048 763 laubael
1066 723 1142 776 (gl.
1164 722 1399 775 secularia),
1422 723 1561 763 locabor
1584 723 1741 776 (splen-

194 790 312 843 dor),
337 792 533 832 morbrcm
556 794 783 845 (mergus),
814 792 978 845 quobri,
1000 793 1229 846 ‘quobre‘aeh
1252 793 1451 847 (sapiens,
1478 793 1737 846 sapientior),

196 861 504 903 bronnbrez'tleet
532 862 697 915 (elimet,
731 863 919 902 volucres
948 863 1181 916 variegatae
1210 866 1393 917 pectore)
1424 863 1467 902 in
1496 863 1644 917 glossis
1674 864 1743 903 iis-

195 933 304 972 dem.
355 932 499 973 Oolbe’ec
530 934 591 985 (n.
617 947 680 986 pr.
705 932 800 986 viri)
831 932 875 973 in
904 934 995 973 cod.
1022 933 1228 973 Lichfeld.
1273 934 1327 972 In
1348 933 1453 973 libro
1476 933 1739 973 Landavensi

193 1002 331 1041 adhuc
363 1002 533 1042 nomina
565 1003 793 1057 composita
821 1018 917 1044 culn
940 1004 1008 1043 bita
1030 1003 1208 1056 (vivus),
1235 1003 1303 1044 bri
1323 1003 1609 1056 (auctoritas),
1637 1004 1742 1044 bran

196 1074 396 1126 (corvus),
419 1073 554 1113 bresel
573 1074 782 1127 (bellum),
804 1074 955 1114 hausta
976 1075 1121 1128 procul
1143 1074 1270 1114 dubio
1292 1088 1314 1114 e
1330 1073 1557 1114 vetustiore
1574 1073 1737 1114 codice:

193 1142 351 1183 ζῙοῑιῖηίι
378 1148 469 1183 163.
495 1144 657 1184 Juclbia
683 1149 776 1183 175.
805 1148 899 1183 177.
932 1144 1155 1185 Iam-elmiza
1182 1149 1273 1184 154.
1305 1144 1484 1184 Edilbe'a
1509 1149 1603 1184 160.
1630 1143 1744 1184 Ilbri

199 1218 292 1253 194.
325 1215 533 1254 Morbum
560 1220 653 1254 191.
682 1218 776 1254 263.
814 1214 1000 1255 Ce'nhrcm
1026 1218 1118 1254 148.
1147 1218 1242 1255 264.
1283 1215 1481 1255 Cembran
1507 1218 1601 1254 142.
1638 1216 1742 1255 Con-

195 1284 299 1324 brcm
321 1284 377 1337 sq.
418 1286 700 1337 Colmnpbran
727 1289 820 1324 138.
859 1285 1082 1325 Cenbresel
1102 1288 1196 1324 221.
1234 1285 1478 1333 Umbras-el,
1510 1284 1747 1325 Combresel

199 1359 292 1394 191.
321 1358 416 1394 202.
455 1355 658 1395 Cz'lbresel
678 1359 772 1395 213.
818 1356 870 1395 In
900 1355 1037 1395 medio
1069 1362 1110 1395 et
1140 1357 1245 1395 fine:
1281 1355 1455 1395 helabczr
1487 1355 1739 1408 (eloquens),

190 1425 311 1478 9⁶>ch
345 1425 549 1478 (dolabra)
587 1426 631 1466 in
662 1426 719 1480 gl.
752 1426 894 1466 Oxon.
937 1426 1076 1466 lreboec
1113 1425 1188 1478 (gl.
1225 1431 1404 1478 turmae)
1439 1426 1497 1479 gl.
1533 1426 1641 1465 be.
1673 1424 1743 1465 dir

193 1496 360 1536 aballen
390 1497 460 1547 (ad
491 1497 673 1545 malum,
707 1497 759 1537 cf.
784 1497 1012 1545 Aballone,
1038 1496 1116 1536 loc.
1143 1496 1276 1544 Gall„
1302 1495 1346 1535 in
1368 1496 1470 1536 Itin.
1496 1496 1621 1548 Ant.)
1643 1495 1739 1535 Lib.

195 1567 331 1606 Land.
361 1571 454 1606 164.
487 1582 589 1607 carn,
618 1568 743 1608 cabal
771 1567 983 1619 (cumulus
1013 1566 1203 1620 lapidum
1225 1566 1384 1615 Gabali,
1410 1566 1525 1606 canis
1546 1565 1741 1618 Arthuri)

193 1637 364 1686 Nenn.,
398 1639 629 1677 secundum
658 1637 937 1678 imitationem
976 1637 1127 1678 codicis
1159 1652 1239 1677 see.
1270 1642 1317 1676 10
1350 1636 1394 1677 in
1425 1637 1540 1676 Mal).
1569 1640 1613 1685 2,
1642 1640 1737 1675 359.

194 1708 396 1747 camdubr
426 1709 487 1759 (n.
513 1708 614 1747 fluv.
632 1740 643 1757 ,
670 1708 697 1747 i.
723 1722 760 1747 e.
786 1723 912 1748 curva
942 1710 1068 1760 aqua)
1099 1708 1189 1747 cod.
1216 1707 1353 1747 Lichf.
1378 1707 1424 1747 in
1443 1708 1638 1761 Append.
1664 1706 1737 1746 lib.

196 1778 331 1817 Land.
356 1792 398 1831 p.
427 1781 522 1817 273.
542 1777 563 1798 *
580 1777 667 1831 qe'lb
691 1777 970 1830 (foratorium)
992 1777 1049 1829 gl.
1076 1777 1215 1817 oxon.

310 1847 350 1886 D
373 1847 531 1888 intacta
551 1848 596 1887 in
622 1847 765 1888 initio:
782 1862 846 1900 pcc
865 1847 939 1887 (liu
962 1846 1081 1900 (quid
1092 1846 1141 1899 ἶ).
1185 1847 1239 1886 In
1260 1846 1381 1886 initio
1403 1848 1608 1887 secundae
1629 1846 1740 1887 vocis

195 1918 435 1972 compositi:
469 1918 623 1958 diclaul
650 1919 857 1971 (expers),
888 1917 1227 1971 quocleimisauele
1259 1917 1548 1971 (sustulistis),
1570 1917 1741 1972 91ιοφίἶί-

194 1989 389 2029 minmml
423 1988 632 2041 (invitus).
677 1989 730 2028 In
765 1988 903 2029 medio
939 1995 981 2029 et
1015 1989 1120 2027 fine:
1163 1987 1304 2028 ladam
1342 1989 1529 2041 (caedo),
1573 1988 1741 2028 credam

195 2060 360 2112 (vado),
392 2059 714 2113 rinqueclazdion
737 2060 947 2113 (arcana),
980 2059 1193 2113 onyaedou
1216 2059 1374 2111 (exta),
1400 2059 1568 2098 emecloa
1590 2059 1736 2111 (aera),

194 2130 283 2170 edil
301 2130 493 2183 (tenuis),
515 2129 653 2170 nedim
673 2129 834 2183 (ascia),
857 2130 1022 2183 yrmlozc
1040 2128 1288 2181 (maxillae),
1310 2128 1511 2169 buclicaecl
1530 2128 1740 2180 (victorio-

195 2204 299 2253 sus),
326 2201 421 2240 med
441 2200 622 2252 (sicera),
649 2201 858 2240 bronneecl
878 2200 1046 2253 (bullo),
1072 2199 1268 2253 clutyued
1288 2200 1474 2252 (strues),
1496 2198 1617 2239 culed
1636 2200 1740 2249 (ma—

196 2270 312 2323 cies),
334 2272 463 2310 enred
482 2272 647 2323 (amor),
670 2270 840 2311 cricheti
855 2273 1010 2325 (ruga),
1033 2270 1190 2310 celmed
1210 2269 1411 2321 (efficax),
1433 2268 1541 2309 estid
1556 2269 1736 2321 (sedile),

195 2341 377 2382 cemecizl
405 2340 666 2395 (lapidaria),
689 2340 906 2393 ῃῑιόεηηῖιῖ
925 2341 1179 2395 (pulvinar),
1213 2338 1362 2381 notuicl
1390 2341 1541 2391 (acus).
1586 2337 1741 2379 Omnia

195 2412 305 2452 inter
325 2412 483 2466 glossas
506 2409 782 2450 Oxonienses.

287 2604 303 2619 ⁹*
327 2603 404 2636 Vox
431 2602 467 2636 in
492 2602 696 2636 nominibus
722 2603 911 2637 fluviorum
937 2607 972 2636 et
997 2602 1081 2636 alibi
1099 2601 1221 2635 obvia:
1250 2601 1381 2634 flumen
1406 2600 1669 2635 VernacIubrum
1690 2600 1740 2645 (in

198 2660 314 2694 Gallia
332 2659 506 2704 Narbon.)
529 2659 621 2692 Plin.
643 2661 675 2700 3,
688 2661 729 2699 43
750 2660 878 2692 Dubrcz
901 2659 949 2704 (in
969 2658 1157 2692 Germania
1175 2658 1313 2699 mcrid„
1334 2658 1418 2692 hod.
1433 2658 1584 2703 Tauber)
1607 2656 1737 2701 Geogr.

197 2718 358 2750 Ravenn.
379 2719 419 2757 4,
440 2718 496 2749 21.
532 2715 651 2748 Etiam
676 2715 838 2749 hibern.:
868 2715 996 2748 fluvius
1014 2715 1141 2748 Dobm·
1158 2714 1375 2747 Artbranani
1402 2726 1513 2758 usque
1538 2714 1575 2747 in
1601 2713 1739 2747 hodier-

197 2786 282 2808 num
300 2774 503 2808 nominatus
522 2772 627 2806 diem.
663 2772 867 2807 Adamnani
884 2771 965 2806 Vita
984 2771 1020 2806 S.
1041 2770 1244 2813 Columbae,
1266 2782 1322 2816 ap.
1343 2770 1435 2804 Boll.
1453 2771 1541 2822 Α11111.
1562 2772 1594 2812 2,
1615 2772 1692 2803 207.
