<?xml version="1.0" encoding="UTF-8"?>
<!DOCTYPE html PUBLIC "-//W3C//DTD XHTML 1.0 Transitional//EN"
    "http://www.w3.org/TR/xhtml1/DTD/xhtml1-transitional.dtd">
<html xmlns="http://www.w3.org/1999/xhtml" xml:lang="en" lang="en">
 <head>
  <title>
</title>
<meta http-equiv="Content-Type" content="text/html;charset=utf-8" />
  <meta name='ocr-system' content='tesseract 3.04.00' />
  <meta name='ocr-capabilities' content='ocr_page ocr_carea ocr_par ocr_line ocrx_word'/>
</head>
<body>
  <div class='ocr_page' id='page_1' title='image "./grammaticaceltic01zeusuoft_0043.png"; bbox 0 0 1897 3072; ppageno 0'>
   <div class='ocr_carea' id='block_1_1' title="bbox 788 139 1707 177">
    <p class='ocr_par' dir='ltr' id='par_1_1' title="bbox 788 139 1707 177">
     <span class='ocr_line' id='line_1_1' title="bbox 788 139 1707 177; baseline -0.003 -1"><span class='ocrx_word' id='word_1_1' title='bbox 788 149 1047 177; x_wconf 68' lang='lat' dir='ltr'><strong>PRAEFATM).</strong></span> <span class='ocrx_word' id='word_1_2' title='bbox 1510 139 1621 174; x_wconf 78' lang='lat' dir='ltr'>XXX</span> <span class='ocrx_word' id='word_1_3' title='bbox 1631 139 1707 173; x_wconf 75' lang='lat' dir='ltr'>VII</span> 
     </span>
    </p>
   </div>
   <div class='ocr_carea' id='block_1_2' title="bbox 149 250 1705 473">
    <p class='ocr_par' dir='ltr' id='par_1_2' title="bbox 149 250 1705 473">
     <span class='ocr_line' id='line_1_2' title="bbox 149 250 1705 313; baseline -0.003 -14"><span class='ocrx_word' id='word_1_4' title='bbox 149 260 197 300; x_wconf 91' lang='lat' dir='ltr'>et</span> <span class='ocrx_word' id='word_1_5' title='bbox 233 255 384 299; x_wconf 82' lang='lat' dir='ltr'>codex</span> <span class='ocrx_word' id='word_1_6' title='bbox 410 252 984 313; x_wconf 61' lang='lat' dir='ltr'>(flaustroneoburgensis</span> <span class='ocrx_word' id='word_1_7' title='bbox 1011 251 1303 297; x_wconf 70' lang='lat' dir='ltr'>conveniens</span> <span class='ocrx_word' id='word_1_8' title='bbox 1337 250 1597 310; x_wconf 74' lang='lat' dir='ltr'>scriptione</span> <span class='ocrx_word' id='word_1_9' title='bbox 1627 267 1705 295; x_wconf 74' lang='lat' dir='ltr'>vo-</span> 
     </span>
     <span class='ocr_line' id='line_1_3' title="bbox 149 328 1698 395; baseline -0.003 -17"><span class='ocrx_word' id='word_1_10' title='bbox 149 350 259 378; x_wconf 85' lang='lat' dir='ltr'>cum</span> <span class='ocrx_word' id='word_1_11' title='bbox 296 333 447 395; x_wconf 62' lang='lat' dir='ltr'>raldff,</span> <span class='ocrx_word' id='word_1_12' title='bbox 488 333 741 395; x_wconf 67' lang='lat' dir='ltr'>qombond,</span> <span class='ocrx_word' id='word_1_13' title='bbox 784 335 850 384; x_wconf 71' lang='lat' dir='ltr'>ri,</span> <span class='ocrx_word' id='word_1_14' title='bbox 903 332 1001 377; x_wconf 67' lang='lat' dir='ltr'>lsiiu</span> <span class='ocrx_word' id='word_1_15' title='bbox 1030 331 1334 390; x_wconf 82' lang='lat' dir='ltr'>aliarumque</span> <span class='ocrx_word' id='word_1_16' title='bbox 1373 328 1449 391; x_wconf 58' lang='lat' dir='ltr'>(cf.</span> <span class='ocrx_word' id='word_1_17' title='bbox 1493 347 1539 390; x_wconf 84' lang='lat' dir='ltr'>p.</span> <span class='ocrx_word' id='word_1_18' title='bbox 1583 330 1698 374; x_wconf 65' lang='lat'>934.</span> 
     </span>
     <span class='ocr_line' id='line_1_4' title="bbox 150 413 440 473; baseline -0.003 -15"><span class='ocrx_word' id='word_1_19' title='bbox 150 413 263 465; x_wconf 74' lang='lat'>944,</span> <span class='ocrx_word' id='word_1_20' title='bbox 296 413 440 473; x_wconf 44' lang='lat' dir='ltr'>nots).</span> 
     </span>
    </p>
   </div>
   <div class='ocr_carea' id='block_1_3' title="bbox 478 594 1363 640">
    <p class='ocr_par' dir='ltr' id='par_1_3' title="bbox 478 594 1363 640">
     <span class='ocr_line' id='line_1_5' title="bbox 478 594 1363 640; baseline -0.002 0"><span class='ocrx_word' id='word_1_21' title='bbox 478 595 816 640; x_wconf 77' lang='lat' dir='ltr'>CODICES</span> <span class='ocrx_word' id='word_1_22' title='bbox 856 594 1363 639; x_wconf 62' lang='lat' dir='ltr'>BRITANNICL</span> 
     </span>
    </p>
   </div>
   <div class='ocr_carea' id='block_1_4' title="bbox 133 728 1701 2932">
    <p class='ocr_par' dir='ltr' id='par_1_4' title="bbox 133 728 1701 2932">
     <span class='ocr_line' id='line_1_6' title="bbox 282 728 1701 788; baseline -0.001 -14"><span class='ocrx_word' id='word_1_23' title='bbox 282 731 490 775; x_wconf 81' lang='lat' dir='ltr'>Exstant</span> <span class='ocrx_word' id='word_1_24' title='bbox 523 729 752 774; x_wconf 84' lang='lat' dir='ltr'>cambriei</span> <span class='ocrx_word' id='word_1_25' title='bbox 785 730 985 788; x_wconf 85' lang='lat' dir='ltr'>quidam</span> <span class='ocrx_word' id='word_1_26' title='bbox 1020 729 1245 788; x_wconf 85' lang='lat' dir='ltr'>aequales</span> <span class='ocrx_word' id='word_1_27' title='bbox 1280 729 1542 773; x_wconf 70' lang='lat' dir='ltr'>hibernicis</span> <span class='ocrx_word' id='word_1_28' title='bbox 1569 728 1701 773; x_wconf 84' lang='lat' dir='ltr'>codi—</span> 
     </span>
     <span class='ocr_line' id='line_1_7' title="bbox 143 807 1701 867; baseline -0.002 -12"><span class='ocrx_word' id='word_1_29' title='bbox 143 811 278 855; x_wconf 83' lang='lat' dir='ltr'>cibus</span> <span class='ocrx_word' id='word_1_30' title='bbox 313 809 607 854; x_wconf 74' lang='lat' dir='ltr'>enumeratis</span> <span class='ocrx_word' id='word_1_31' title='bbox 635 815 733 855; x_wconf 87' lang='lat' dir='ltr'>tam</span> <span class='ocrx_word' id='word_1_32' title='bbox 759 814 916 854; x_wconf 83' lang='lat' dir='ltr'>aetate</span> <span class='ocrx_word' id='word_1_33' title='bbox 943 824 1089 867; x_wconf 87' lang='lat' dir='ltr'>quam</span> <span class='ocrx_word' id='word_1_34' title='bbox 1116 807 1380 859; x_wconf 69' lang='lat' dir='ltr'>contentis,</span> <span class='ocrx_word' id='word_1_35' title='bbox 1417 808 1584 866; x_wconf 62' lang='lat' dir='ltr'>glossis</span> <span class='ocrx_word' id='word_1_36' title='bbox 1611 808 1701 852; x_wconf 78' lang='lat' dir='ltr'>sci—</span> 
     </span>
     <span class='ocr_line' id='line_1_8' title="bbox 143 887 1699 940; baseline -0.001 -6"><span class='ocrx_word' id='word_1_37' title='bbox 143 890 256 934; x_wconf 89' lang='lat' dir='ltr'>licet</span> <span class='ocrx_word' id='word_1_38' title='bbox 290 889 465 934; x_wconf 86' lang='lat' dir='ltr'>additis</span> <span class='ocrx_word' id='word_1_39' title='bbox 500 890 561 934; x_wconf 87' lang='lat' dir='ltr'>ad</span> <span class='ocrx_word' id='word_1_40' title='bbox 597 894 759 935; x_wconf 82' lang='lat' dir='ltr'>textus</span> <span class='ocrx_word' id='word_1_41' title='bbox 791 888 1104 940; x_wconf 58' lang='lat' dir='ltr'>vetustiores,</span> <span class='ocrx_word' id='word_1_42' title='bbox 1149 887 1324 932; x_wconf 63' lang='lat' dir='ltr'>serrati</span> <span class='ocrx_word' id='word_1_43' title='bbox 1351 887 1596 939; x_wconf 73' lang='lat' dir='ltr'>Oxoniae,</span> <span class='ocrx_word' id='word_1_44' title='bbox 1638 888 1699 932; x_wconf 90' lang='lat' dir='ltr'>ob</span> 
     </span>
     <span class='ocr_line' id='line_1_9' title="bbox 142 966 1693 1029; baseline -0.001 -16"><span class='ocrx_word' id='word_1_45' title='bbox 142 985 260 1027; x_wconf 85' lang='lat' dir='ltr'>quos</span> <span class='ocrx_word' id='word_1_46' title='bbox 286 968 545 1029; x_wconf 80' lang='lat' dir='ltr'>praecipue</span> <span class='ocrx_word' id='word_1_47' title='bbox 570 968 716 1014; x_wconf 88' lang='lat' dir='ltr'>etiam</span> <span class='ocrx_word' id='word_1_48' title='bbox 736 967 1041 1013; x_wconf 70' lang='lat' dir='ltr'>Britanniam</span> <span class='ocrx_word' id='word_1_49' title='bbox 1061 967 1192 1013; x_wconf 88' lang='lat' dir='ltr'>adire</span> <span class='ocrx_word' id='word_1_50' title='bbox 1214 966 1536 1012; x_wconf 80' lang='lat' dir='ltr'>necessarium</span> <span class='ocrx_word' id='word_1_51' title='bbox 1558 967 1693 1012; x_wconf 71' lang='lat' dir='ltr'>duxi.</span> 
     </span>
     <span class='ocr_line' id='line_1_10' title="bbox 140 1046 1701 1107; baseline 0 -15"><span class='ocrx_word' id='word_1_52' title='bbox 140 1049 398 1093; x_wconf 62' lang='lat' dir='ltr'>Aes-odunt</span> <span class='ocrx_word' id='word_1_53' title='bbox 431 1048 505 1093; x_wconf 91' lang='lat' dir='ltr'>his</span> <span class='ocrx_word' id='word_1_54' title='bbox 539 1048 634 1093; x_wconf 90' lang='lat' dir='ltr'>alia</span> <span class='ocrx_word' id='word_1_55' title='bbox 659 1052 975 1093; x_wconf 89' lang='lat' dir='ltr'>monumenta</span> <span class='ocrx_word' id='word_1_56' title='bbox 1012 1053 1229 1092; x_wconf 76' lang='lat' dir='ltr'>vetustae</span> <span class='ocrx_word' id='word_1_57' title='bbox 1262 1046 1460 1107; x_wconf 75' lang='lat' dir='ltr'>linguae</span> <span class='ocrx_word' id='word_1_58' title='bbox 1495 1047 1701 1092; x_wconf 84' lang='lat' dir='ltr'>cambri—</span> 
     </span>
     <span class='ocr_line' id='line_1_11' title="bbox 140 1124 1692 1188; baseline 0 -17"><span class='ocrx_word' id='word_1_59' title='bbox 140 1143 222 1172; x_wconf 79' lang='lat' dir='ltr'>cae</span> <span class='ocrx_word' id='word_1_60' title='bbox 248 1127 460 1173; x_wconf 68' lang='lat' dir='ltr'>inventa.</span> <span class='ocrx_word' id='word_1_61' title='bbox 493 1134 548 1173; x_wconf 89' lang='lat' dir='ltr'>ut</span> <span class='ocrx_word' id='word_1_62' title='bbox 572 1127 624 1173; x_wconf 97' lang='grc'>111</span> <span class='ocrx_word' id='word_1_63' title='bbox 650 1127 813 1173; x_wconf 85' lang='lat' dir='ltr'>codiee</span> <span class='ocrx_word' id='word_1_64' title='bbox 836 1124 1166 1172; x_wconf 85' lang='lat' dir='ltr'>Lichfeldensi</span> <span class='ocrx_word' id='word_1_65' title='bbox 1189 1132 1237 1172; x_wconf 89' lang='lat' dir='ltr'>et</span> <span class='ocrx_word' id='word_1_66' title='bbox 1251 1126 1692 1188; x_wconf 77' lang='lat' dir='ltr'>Luxemburgensi,</span> 
     </span>
     <span class='ocr_line' id='line_1_12' title="bbox 140 1205 1699 1268; baseline -0.001 -17"><span class='ocrx_word' id='word_1_67' title='bbox 140 1214 188 1252; x_wconf 89' lang='lat' dir='ltr'>et</span> <span class='ocrx_word' id='word_1_68' title='bbox 214 1207 319 1268; x_wconf 86' lang='lat' dir='ltr'>jam</span> <span class='ocrx_word' id='word_1_69' title='bbox 353 1206 479 1268; x_wconf 64' lang='lat' dir='ltr'>typis</span> <span class='ocrx_word' id='word_1_70' title='bbox 505 1206 754 1267; x_wconf 86' lang='lat' dir='ltr'>impressa.</span> <span class='ocrx_word' id='word_1_71' title='bbox 819 1206 1000 1251; x_wconf 85' lang='lat' dir='ltr'>Omnia</span> <span class='ocrx_word' id='word_1_72' title='bbox 1031 1213 1194 1252; x_wconf 87' lang='lat' dir='ltr'>tamen</span> <span class='ocrx_word' id='word_1_73' title='bbox 1227 1206 1346 1250; x_wconf 86' lang='lat' dir='ltr'>haec</span> <span class='ocrx_word' id='word_1_74' title='bbox 1380 1205 1590 1251; x_wconf 89' lang='lat' dir='ltr'>multum</span> <span class='ocrx_word' id='word_1_75' title='bbox 1624 1206 1699 1251; x_wconf 85' lang='lat' dir='ltr'>hi-</span> 
     </span>
     <span class='ocr_line' id='line_1_13' title="bbox 139 1285 1698 1347; baseline 0 -16"><span class='ocrx_word' id='word_1_76' title='bbox 139 1286 345 1331; x_wconf 84' lang='lat' dir='ltr'>bernicis</span> <span class='ocrx_word' id='word_1_77' title='bbox 380 1292 692 1347; x_wconf 76' lang='lat' dir='ltr'>superantur,</span> <span class='ocrx_word' id='word_1_78' title='bbox 743 1287 841 1332; x_wconf 78' lang='lat' dir='ltr'>sive</span> <span class='ocrx_word' id='word_1_79' title='bbox 881 1287 1089 1332; x_wconf 86' lang='lat' dir='ltr'>habetur</span> <span class='ocrx_word' id='word_1_80' title='bbox 1124 1285 1290 1346; x_wconf 90' lang='lat' dir='ltr'>copiae</span> <span class='ocrx_word' id='word_1_81' title='bbox 1323 1285 1444 1330; x_wconf 83' lang='lat' dir='ltr'>ratio</span> <span class='ocrx_word' id='word_1_82' title='bbox 1481 1285 1579 1330; x_wconf 72' lang='lat' dir='ltr'>sire</span> <span class='ocrx_word' id='word_1_83' title='bbox 1615 1286 1698 1331; x_wconf 89' lang='lat' dir='ltr'>do-</span> 
     </span>
     <span class='ocr_line' id='line_1_14' title="bbox 140 1365 1690 1425; baseline 0 -16"><span class='ocrx_word' id='word_1_84' title='bbox 140 1365 323 1409; x_wconf 88' lang='lat' dir='ltr'>ctrinae</span> <span class='ocrx_word' id='word_1_85' title='bbox 365 1372 413 1410; x_wconf 92' lang='lat' dir='ltr'>et</span> <span class='ocrx_word' id='word_1_86' title='bbox 454 1366 734 1425; x_wconf 75' lang='lat' dir='ltr'>scripturae,</span> <span class='ocrx_word' id='word_1_87' title='bbox 791 1382 915 1425; x_wconf 90' lang='lat' dir='ltr'>quae</span> <span class='ocrx_word' id='word_1_88' title='bbox 957 1366 1008 1411; x_wconf 91' lang='lat' dir='ltr'>in</span> <span class='ocrx_word' id='word_1_89' title='bbox 1053 1365 1346 1424; x_wconf 87' lang='lat' dir='ltr'>quibusdam</span> <span class='ocrx_word' id='word_1_90' title='bbox 1380 1370 1452 1410; x_wconf 89' lang='lat' dir='ltr'>est</span> <span class='ocrx_word' id='word_1_91' title='bbox 1484 1365 1690 1425; x_wconf 87' lang='lat' dir='ltr'>impura,</span> 
     </span>
     <span class='ocr_line' id='line_1_15' title="bbox 138 1443 1699 1505; baseline 0.001 -17"><span class='ocrx_word' id='word_1_92' title='bbox 138 1445 363 1495; x_wconf 87' lang='lat' dir='ltr'>barbara,</span> <span class='ocrx_word' id='word_1_93' title='bbox 415 1444 634 1503; x_wconf 61' lang='lat' dir='ltr'>quamvis</span> <span class='ocrx_word' id='word_1_94' title='bbox 667 1444 866 1505; x_wconf 75' lang='lat' dir='ltr'>linguae</span> <span class='ocrx_word' id='word_1_95' title='bbox 901 1444 1168 1489; x_wconf 83' lang='lat' dir='ltr'>cambrieae</span> <span class='ocrx_word' id='word_1_96' title='bbox 1201 1444 1352 1504; x_wconf 88' lang='lat' dir='ltr'>ipsius</span> <span class='ocrx_word' id='word_1_97' title='bbox 1395 1443 1699 1489; x_wconf 77' lang='lat' dir='ltr'>animadver-</span> 
     </span>
     <span class='ocr_line' id='line_1_16' title="bbox 139 1523 1697 1585; baseline -0.001 -17"><span class='ocrx_word' id='word_1_98' title='bbox 139 1523 258 1568; x_wconf 91' lang='lat' dir='ltr'>titur</span> <span class='ocrx_word' id='word_1_99' title='bbox 283 1523 517 1568; x_wconf 71' lang='lat' dir='ltr'>vetustior</span> <span class='ocrx_word' id='word_1_100' title='bbox 540 1524 725 1584; x_wconf 89' lang='lat' dir='ltr'>puritas</span> <span class='ocrx_word' id='word_1_101' title='bbox 753 1532 799 1570; x_wconf 87' lang='lat' dir='ltr'>et</span> <span class='ocrx_word' id='word_1_102' title='bbox 819 1523 1045 1585; x_wconf 66' lang='lat' dir='ltr'>gravitas.</span> <span class='ocrx_word' id='word_1_103' title='bbox 1090 1523 1392 1575; x_wconf 67' lang='lat' dir='ltr'>Poenmaun,</span> <span class='ocrx_word' id='word_1_104' title='bbox 1421 1523 1697 1568; x_wconf 76' lang='lat' dir='ltr'>chartarum</span> 
     </span>
     <span class='ocr_line' id='line_1_17' title="bbox 139 1602 1697 1664; baseline 0 -17"><span class='ocrx_word' id='word_1_105' title='bbox 139 1602 495 1648; x_wconf 86' lang='lat' dir='ltr'>continentium</span> <span class='ocrx_word' id='word_1_106' title='bbox 522 1620 747 1664; x_wconf 83' lang='lat' dir='ltr'>agrorum</span> <span class='ocrx_word' id='word_1_107' title='bbox 772 1603 848 1649; x_wconf 65' lang='lat' dir='ltr'>vel</span> <span class='ocrx_word' id='word_1_108' title='bbox 874 1603 1048 1648; x_wconf 88' lang='lat' dir='ltr'>finium</span> <span class='ocrx_word' id='word_1_109' title='bbox 1074 1602 1420 1663; x_wconf 77' lang='lat' dir='ltr'>descriptiones</span> <span class='ocrx_word' id='word_1_110' title='bbox 1447 1610 1594 1661; x_wconf 84' lang='lat' dir='ltr'>atque</span> <span class='ocrx_word' id='word_1_111' title='bbox 1627 1602 1697 1647; x_wconf 89' lang='lat' dir='ltr'>le-</span> 
     </span>
     <span class='ocr_line' id='line_1_18' title="bbox 137 1681 1696 1744; baseline 0.001 -18"><span class='ocrx_word' id='word_1_112' title='bbox 137 1698 255 1742; x_wconf 75' lang='lat' dir='ltr'>gum</span> <span class='ocrx_word' id='word_1_113' title='bbox 283 1682 634 1728; x_wconf 70' lang='lat' dir='ltr'>cambiicarum</span> <span class='ocrx_word' id='word_1_114' title='bbox 668 1698 793 1742; x_wconf 87' lang='lat' dir='ltr'>quae</span> <span class='ocrx_word' id='word_1_115' title='bbox 829 1688 943 1728; x_wconf 87' lang='lat' dir='ltr'>sunt</span> <span class='ocrx_word' id='word_1_116' title='bbox 976 1682 1194 1744; x_wconf 88' lang='lat' dir='ltr'>ejusdem</span> <span class='ocrx_word' id='word_1_117' title='bbox 1234 1681 1406 1727; x_wconf 83' lang='lat' dir='ltr'>aetatis</span> <span class='ocrx_word' id='word_1_118' title='bbox 1444 1682 1521 1727; x_wconf 82' lang='lat' dir='ltr'>vel</span> <span class='ocrx_word' id='word_1_119' title='bbox 1558 1688 1696 1729; x_wconf 69' lang='lat' dir='ltr'>vetu—</span> 
     </span>
     <span class='ocr_line' id='line_1_19' title="bbox 136 1760 1695 1823; baseline 0 -17"><span class='ocrx_word' id='word_1_120' title='bbox 136 1760 292 1806; x_wconf 87' lang='lat' dir='ltr'>stioris</span> <span class='ocrx_word' id='word_1_121' title='bbox 334 1761 411 1806; x_wconf 70' lang='lat' dir='ltr'>rel</span> <span class='ocrx_word' id='word_1_122' title='bbox 453 1761 600 1807; x_wconf 85' lang='lat' dir='ltr'>etiam</span> <span class='ocrx_word' id='word_1_123' title='bbox 641 1761 788 1823; x_wconf 83' lang='lat' dir='ltr'>paulo</span> <span class='ocrx_word' id='word_1_124' title='bbox 837 1761 1144 1814; x_wconf 79' lang='lat' dir='ltr'>recentioris,</span> <span class='ocrx_word' id='word_1_125' title='bbox 1201 1776 1300 1806; x_wconf 90' lang='lat' dir='ltr'>non</span> <span class='ocrx_word' id='word_1_126' title='bbox 1344 1760 1397 1806; x_wconf 90' lang='lat' dir='ltr'>in</span> <span class='ocrx_word' id='word_1_127' title='bbox 1448 1762 1695 1807; x_wconf 76' lang='lat' dir='ltr'>codicibus</span> 
     </span>
     <span class='ocr_line' id='line_1_20' title="bbox 137 1840 1696 1903; baseline 0.001 -19"><span class='ocrx_word' id='word_1_128' title='bbox 137 1840 423 1899; x_wconf 78' lang='lat' dir='ltr'>aequalibus</span> <span class='ocrx_word' id='word_1_129' title='bbox 449 1841 637 1902; x_wconf 88' lang='lat' dir='ltr'>seriptis</span> <span class='ocrx_word' id='word_1_130' title='bbox 672 1857 727 1887; x_wconf 89' lang='lat' dir='ltr'>eo</span> <span class='ocrx_word' id='word_1_131' title='bbox 762 1848 998 1903; x_wconf 82' lang='lat' dir='ltr'>tempore,</span> <span class='ocrx_word' id='word_1_132' title='bbox 1040 1857 1136 1902; x_wconf 90' lang='lat' dir='ltr'>quo</span> <span class='ocrx_word' id='word_1_133' title='bbox 1169 1846 1274 1887; x_wconf 85' lang='lat' dir='ltr'>orta</span> <span class='ocrx_word' id='word_1_134' title='bbox 1311 1845 1425 1887; x_wconf 89' lang='lat' dir='ltr'>sunt</span> <span class='ocrx_word' id='word_1_135' title='bbox 1456 1841 1561 1902; x_wconf 85' lang='lat' dir='ltr'>ipsa</span> <span class='ocrx_word' id='word_1_136' title='bbox 1594 1857 1696 1886; x_wconf 89' lang='grc'>1110-</span> 
     </span>
     <span class='ocr_line' id='line_1_21' title="bbox 136 1920 1694 1982; baseline 0.001 -18"><span class='ocrx_word' id='word_1_137' title='bbox 136 1926 372 1965; x_wconf 81' lang='lat' dir='ltr'>numenta</span> <span class='ocrx_word' id='word_1_138' title='bbox 421 1920 564 1981; x_wconf 82' lang='lat' dir='ltr'>(quos</span> <span class='ocrx_word' id='word_1_139' title='bbox 606 1921 728 1967; x_wconf 90' lang='lat' dir='ltr'>solos</span> <span class='ocrx_word' id='word_1_140' title='bbox 770 1921 957 1967; x_wconf 86' lang='lat' dir='ltr'>codices</span> <span class='ocrx_word' id='word_1_141' title='bbox 999 1920 1190 1981; x_wconf 88' lang='lat' dir='ltr'>quaerit</span> <span class='ocrx_word' id='word_1_142' title='bbox 1229 1920 1428 1982; x_wconf 81' lang='lat' dir='ltr'>linguae</span> <span class='ocrx_word' id='word_1_143' title='bbox 1477 1926 1694 1966; x_wconf 80' lang='lat' dir='ltr'>vetustae</span> 
     </span>
     <span class='ocr_line' id='line_1_22' title="bbox 136 1999 1696 2061; baseline 0.001 -18"><span class='ocrx_word' id='word_1_144' title='bbox 136 1999 423 2061; x_wconf 48' lang='lat' dir='ltr'>indagator,</span> <span class='ocrx_word' id='word_1_145' title='bbox 456 2005 643 2046; x_wconf 81' lang='lat' dir='ltr'>servata</span> <span class='ocrx_word' id='word_1_146' title='bbox 668 2006 796 2054; x_wconf 88' lang='lat' dir='ltr'>sunt,</span> <span class='ocrx_word' id='word_1_147' title='bbox 823 2002 907 2047; x_wconf 90' lang='lat' dir='ltr'>sed</span> <span class='ocrx_word' id='word_1_148' title='bbox 931 2000 983 2046; x_wconf 89' lang='grc'>111</span> <span class='ocrx_word' id='word_1_149' title='bbox 1008 1999 1357 2046; x_wconf 84' lang='lat' dir='ltr'>recentioribus</span> <span class='ocrx_word' id='word_1_150' title='bbox 1385 2000 1696 2061; x_wconf 80' lang='lat' dir='ltr'>transscripta</span> 
     </span>
     <span class='ocr_line' id='line_1_23' title="bbox 135 2077 1696 2141; baseline 0.001 -18"><span class='ocrx_word' id='word_1_151' title='bbox 135 2084 183 2124; x_wconf 90' lang='lat' dir='ltr'>et</span> <span class='ocrx_word' id='word_1_152' title='bbox 221 2077 558 2126; x_wconf 83' lang='lat' dir='ltr'>transformata</span> <span class='ocrx_word' id='word_1_153' title='bbox 591 2079 926 2125; x_wconf 76' lang='lat' dir='ltr'>inveniuntur.</span> <span class='ocrx_word' id='word_1_154' title='bbox 989 2079 1272 2125; x_wconf 78' lang='lat' dir='ltr'>Armoricae</span> <span class='ocrx_word' id='word_1_155' title='bbox 1315 2085 1533 2126; x_wconf 76' lang='lat' dir='ltr'>vetustae</span> <span class='ocrx_word' id='word_1_156' title='bbox 1568 2080 1696 2141; x_wconf 81' lang='lat' dir='ltr'>glos-</span> 
     </span>
     <span class='ocr_line' id='line_1_24' title="bbox 135 2158 1693 2221; baseline 0.002 -19"><span class='ocrx_word' id='word_1_157' title='bbox 135 2173 213 2202; x_wconf 86' lang='lat' dir='ltr'>sae</span> <span class='ocrx_word' id='word_1_158' title='bbox 247 2158 322 2203; x_wconf 63' lang='lat' dir='ltr'>vel</span> <span class='ocrx_word' id='word_1_159' title='bbox 355 2158 611 2205; x_wconf 83' lang='lat' dir='ltr'>relationes</span> <span class='ocrx_word' id='word_1_160' title='bbox 646 2159 842 2205; x_wconf 88' lang='lat' dir='ltr'>omnino</span> <span class='ocrx_word' id='word_1_161' title='bbox 877 2160 1053 2206; x_wconf 85' lang='lat' dir='ltr'>desunt</span> <span class='ocrx_word' id='word_1_162' title='bbox 1093 2159 1308 2220; x_wconf 51' lang='lat' dir='ltr'>x&#39;excepta</span> <span class='ocrx_word' id='word_1_163' title='bbox 1341 2176 1439 2204; x_wconf 88' lang='lat' dir='ltr'>una</span> <span class='ocrx_word' id='word_1_164' title='bbox 1471 2159 1576 2221; x_wconf 79' lang='lat' dir='ltr'>agri</span> <span class='ocrx_word' id='word_1_165' title='bbox 1611 2161 1693 2205; x_wconf 87' lang='lat' dir='ltr'>de-</span> 
     </span>
     <span class='ocr_line' id='line_1_25' title="bbox 136 2236 1694 2300; baseline 0.002 -20"><span class='ocrx_word' id='word_1_166' title='bbox 136 2236 394 2296; x_wconf 85' lang='lat' dir='ltr'>scriptione</span> <span class='ocrx_word' id='word_1_167' title='bbox 434 2238 569 2283; x_wconf 66' lang='lat' dir='ltr'>brevi</span> <span class='ocrx_word' id='word_1_168' title='bbox 604 2238 656 2283; x_wconf 90' lang='lat' dir='ltr'>in</span> <span class='ocrx_word' id='word_1_169' title='bbox 692 2239 859 2284; x_wconf 88' lang='lat' dir='ltr'>charta</span> <span class='ocrx_word' id='word_1_170' title='bbox 891 2255 935 2284; x_wconf 90' lang='lat' dir='ltr'>a.</span> <span class='ocrx_word' id='word_1_171' title='bbox 968 2239 1090 2294; x_wconf 75' lang='lat'>8213</span> <span class='ocrx_word' id='word_1_172' title='bbox 1133 2238 1194 2284; x_wconf 79' lang='lat' dir='ltr'>cf.</span> <span class='ocrx_word' id='word_1_173' title='bbox 1235 2256 1284 2299; x_wconf 90' lang='lat' dir='ltr'>p.</span> <span class='ocrx_word' id='word_1_174' title='bbox 1319 2239 1456 2300; x_wconf 69' lang='lat'>(327),</span> <span class='ocrx_word' id='word_1_175' title='bbox 1500 2240 1583 2285; x_wconf 90' lang='lat' dir='ltr'>sed</span> <span class='ocrx_word' id='word_1_176' title='bbox 1609 2255 1694 2285; x_wconf 80' lang='lat' dir='ltr'>ex—</span> 
     </span>
     <span class='ocr_line' id='line_1_26' title="bbox 135 2317 1692 2379; baseline 0.003 -19"><span class='ocrx_word' id='word_1_177' title='bbox 135 2321 264 2361; x_wconf 88' lang='lat' dir='ltr'>stant</span> <span class='ocrx_word' id='word_1_178' title='bbox 290 2317 585 2363; x_wconf 80' lang='lat' dir='ltr'>chartularia</span> <span class='ocrx_word' id='word_1_179' title='bbox 609 2318 1009 2364; x_wconf 84' lang='lat' dir='ltr'>monasteriorum</span> <span class='ocrx_word' id='word_1_180' title='bbox 1036 2335 1263 2379; x_wconf 75' lang='lat' dir='ltr'>magnam</span> <span class='ocrx_word' id='word_1_181' title='bbox 1296 2318 1550 2364; x_wconf 89' lang='lat' dir='ltr'>nominum</span> <span class='ocrx_word' id='word_1_182' title='bbox 1583 2335 1692 2379; x_wconf 88' lang='lat' dir='ltr'>pro—</span> 
     </span>
     <span class='ocr_line' id='line_1_27' title="bbox 135 2395 1691 2458; baseline 0.003 -19"><span class='ocrx_word' id='word_1_183' title='bbox 135 2395 349 2454; x_wconf 88' lang='lat' dir='ltr'>priorum</span> <span class='ocrx_word' id='word_1_184' title='bbox 374 2396 659 2457; x_wconf 83' lang='lat' dir='ltr'>praesertim</span> <span class='ocrx_word' id='word_1_185' title='bbox 693 2397 906 2443; x_wconf 72' lang='lat' dir='ltr'>virorum</span> <span class='ocrx_word' id='word_1_186' title='bbox 931 2397 1120 2458; x_wconf 83' lang='lat' dir='ltr'>copiam</span> <span class='ocrx_word' id='word_1_187' title='bbox 1147 2398 1448 2444; x_wconf 82' lang='lat' dir='ltr'>continentia</span> <span class='ocrx_word' id='word_1_188' title='bbox 1474 2398 1524 2443; x_wconf 92' lang='lat' dir='ltr'>in</span> <span class='ocrx_word' id='word_1_189' title='bbox 1553 2399 1691 2444; x_wconf 83' lang='lat' dir='ltr'>char—</span> 
     </span>
     <span class='ocr_line' id='line_1_28' title="bbox 137 2474 1691 2539; baseline 0.002 -20"><span class='ocrx_word' id='word_1_190' title='bbox 137 2474 195 2519; x_wconf 84' lang='lat' dir='ltr'>tis</span> <span class='ocrx_word' id='word_1_191' title='bbox 222 2475 346 2520; x_wconf 89' lang='lat' dir='ltr'>datis</span> <span class='ocrx_word' id='word_1_192' title='bbox 372 2475 485 2521; x_wconf 89' lang='lat' dir='ltr'>inde</span> <span class='ocrx_word' id='word_1_193' title='bbox 512 2493 539 2521; x_wconf 88' lang='lat' dir='ltr'>a</span> <span class='ocrx_word' id='word_1_194' title='bbox 565 2476 756 2523; x_wconf 87' lang='lat' dir='ltr'>saeculo</span> <span class='ocrx_word' id='word_1_195' title='bbox 782 2494 933 2530; x_wconf 87' lang='lat' dir='ltr'>nono,</span> <span class='ocrx_word' id='word_1_196' title='bbox 974 2494 1035 2522; x_wconf 76' lang='lat' dir='ltr'>ex</span> <span class='ocrx_word' id='word_1_197' title='bbox 1068 2484 1204 2538; x_wconf 87' lang='lat' dir='ltr'>parte</span> <span class='ocrx_word' id='word_1_198' title='bbox 1232 2483 1423 2523; x_wconf 83' lang='lat' dir='ltr'>tantum</span> <span class='ocrx_word' id='word_1_199' title='bbox 1450 2478 1575 2539; x_wconf 68' lang='lat' dir='ltr'>typis</span> <span class='ocrx_word' id='word_1_200' title='bbox 1601 2478 1691 2523; x_wconf 86' lang='grc'>1111-</span> 
     </span>
     <span class='ocr_line' id='line_1_29' title="bbox 133 2555 1682 2618; baseline 0.002 -20"><span class='ocrx_word' id='word_1_201' title='bbox 133 2570 310 2613; x_wconf 82' lang='lat' dir='ltr'>pressa.</span> <span class='ocrx_word' id='word_1_202' title='bbox 377 2556 515 2606; x_wconf 77' lang='lat' dir='ltr'>Quae</span> <span class='ocrx_word' id='word_1_203' title='bbox 550 2562 605 2602; x_wconf 93' lang='lat' dir='ltr'>ut</span> <span class='ocrx_word' id='word_1_204' title='bbox 637 2555 781 2616; x_wconf 88' lang='lat' dir='ltr'>plene</span> <span class='ocrx_word' id='word_1_205' title='bbox 809 2563 856 2602; x_wconf 91' lang='lat' dir='ltr'>et</span> <span class='ocrx_word' id='word_1_206' title='bbox 881 2556 1158 2617; x_wconf 87' lang='lat' dir='ltr'>incorrupte</span> <span class='ocrx_word' id='word_1_207' title='bbox 1191 2557 1378 2618; x_wconf 89' lang='lat' dir='ltr'>publici</span> <span class='ocrx_word' id='word_1_208' title='bbox 1397 2557 1522 2618; x_wconf 87' lang='lat' dir='ltr'>juris</span> <span class='ocrx_word' id='word_1_209' title='bbox 1548 2558 1682 2608; x_wconf 83' lang='lat' dir='ltr'>fiant,</span> 
     </span>
     <span class='ocr_line' id='line_1_30' title="bbox 135 2636 1690 2696; baseline 0.002 -19"><span class='ocrx_word' id='word_1_210' title='bbox 135 2639 205 2678; x_wconf 87' lang='lat' dir='ltr'>est</span> <span class='ocrx_word' id='word_1_211' title='bbox 232 2650 523 2695; x_wconf 70' lang='lat' dir='ltr'>magnopere</span> <span class='ocrx_word' id='word_1_212' title='bbox 550 2637 835 2696; x_wconf 85' lang='lat' dir='ltr'>optandum.</span> <span class='ocrx_word' id='word_1_213' title='bbox 894 2636 1155 2682; x_wconf 60' lang='lat' dir='ltr'>(fornicum</span> <span class='ocrx_word' id='word_1_214' title='bbox 1180 2636 1562 2683; x_wconf 68' lang='lat' dir='ltr'>vetustissinmm</span> <span class='ocrx_word' id='word_1_215' title='bbox 1589 2651 1690 2681; x_wconf 86' lang='lat' dir='ltr'>mo-</span> 
     </span>
     <span class='ocr_line' id='line_1_31' title="bbox 136 2715 1682 2766; baseline 0.003 -11"><span class='ocrx_word' id='word_1_216' title='bbox 136 2721 423 2759; x_wconf 88' lang='lat' dir='ltr'>numentum</span> <span class='ocrx_word' id='word_1_217' title='bbox 451 2722 521 2760; x_wconf 87' lang='lat' dir='ltr'>est</span> <span class='ocrx_word' id='word_1_218' title='bbox 539 2715 919 2761; x_wconf 77' lang='lat' dir='ltr'>Vocabularium</span> <span class='ocrx_word' id='word_1_219' title='bbox 938 2716 1117 2761; x_wconf 88' lang='lat' dir='ltr'>saeculi</span> <span class='ocrx_word' id='word_1_220' title='bbox 1137 2716 1326 2762; x_wconf 84' lang='lat' dir='ltr'>circiter</span> <span class='ocrx_word' id='word_1_221' title='bbox 1342 2715 1470 2761; x_wconf 87' lang='lat' dir='ltr'>tertii</span> <span class='ocrx_word' id='word_1_222' title='bbox 1492 2715 1682 2766; x_wconf 80' lang='lat' dir='ltr'>decimi,</span> 
     </span>
     <span class='ocr_line' id='line_1_32' title="bbox 136 2791 1690 2858; baseline 0.003 -24"><span class='ocrx_word' id='word_1_223' title='bbox 136 2791 366 2837; x_wconf 88' lang='lat' dir='ltr'>Londinii</span> <span class='ocrx_word' id='word_1_224' title='bbox 392 2799 705 2840; x_wconf 72' lang='lat' dir='ltr'>asservatum.</span> <span class='ocrx_word' id='word_1_225' title='bbox 774 2796 831 2840; x_wconf 87' lang='lat' dir='ltr'>ln</span> <span class='ocrx_word' id='word_1_226' title='bbox 866 2795 941 2841; x_wconf 90' lang='lat' dir='ltr'>his</span> <span class='ocrx_word' id='word_1_227' title='bbox 975 2812 1088 2857; x_wconf 75' lang='lat' dir='ltr'>ergo</span> <span class='ocrx_word' id='word_1_228' title='bbox 1114 2796 1266 2858; x_wconf 82' lang='lat' dir='ltr'>major</span> <span class='ocrx_word' id='word_1_229' title='bbox 1299 2795 1445 2841; x_wconf 80' lang='lat' dir='ltr'>ctiam</span> <span class='ocrx_word' id='word_1_230' title='bbox 1471 2794 1690 2840; x_wconf 83' lang='lat' dir='ltr'>animad-</span> 
     </span>
     <span class='ocr_line' id='line_1_33' title="bbox 134 2870 582 2932; baseline 0.009 -17"><span class='ocrx_word' id='word_1_231' title='bbox 134 2870 338 2916; x_wconf 63' lang='lat' dir='ltr'>vertitur</span> <span class='ocrx_word' id='word_1_232' title='bbox 365 2873 582 2932; x_wconf 80' lang='lat' dir='ltr'>penuria.</span> 
     </span>
    </p>
   </div>
  </div>
 </body>
</html>
