1897 3072
780 130 1041 157 PRAEFAUO.
1559 121 1631 156 XX
1640 121 1697 157 XI

140 252 228 281 nec
248 235 505 281 Muratorii
532 233 794 295 specimine
820 249 908 279 nec
930 231 1160 279 Vallarsii
1192 231 1289 293 ssqui
1314 231 1469 277 multa
1494 232 1699 293 pessime

141 316 274 377 legit)
324 322 512 361 textum
547 313 724 360 codicis
768 313 882 358 satis
923 319 1145 358 accurate
1194 311 1521 372 exprimente,
1576 313 1700 359 illud

142 395 400 441 Muratorii
427 395 580 440 multo
606 393 775 454 purius
800 392 1067 453 plurimum
1093 398 1285 438 secutus
1311 408 1435 437 sum.

279 474 507 521 Codicem
531 476 551 485 “
568 473 963 524 vetustissimum,
996 472 1417 531 antiquissimum''
1447 471 1565 517 dicit
1585 473 1700 518 Mu—

144 555 350 600 ratorius
396 554 458 614 [p.
492 555 606 600 859.
647 554 787 614 871),
839 568 985 612 quem
1024 551 1254 598 describit
1295 553 1358 597 A.
1399 551 1589 613 Peyron
1631 552 1700 598 ita

144 651 206 694 χρ,
245 634 380 695 188)
428 635 448 643 ”
467 634 871 678 Membranaceus
897 647 1021 676 saec.
1052 632 1212 687 VIII,
1257 632 1506 677 character
1530 632 1700 694 longo—

143 714 343 765 bardus,
377 728 484 765 seu,
526 712 599 756 uti
625 728 753 764 reor,
787 711 1045 756 saxonicus
1071 712 1132 757 ad
1156 727 1411 756 romanum
1430 711 1534 772 jam
1560 712 1702 757 incli-

140 809 261 838 nans
282 814 291 848 3
322 792 480 837 folio.u
542 792 629 837 Est
655 792 904 836 character
927 791 1231 844 hibernicus,
1264 797 1318 836 ut
1345 796 1458 835 sunt
1483 791 1699 837 hiberni-

141 888 224 917 cae
250 871 457 933 glossae,
490 887 615 931 quae
643 878 807 917 tamen
833 870 1018 916 calamo
1043 870 1204 916 minus
1230 886 1351 931 puro
1377 869 1454 915 vel
1480 877 1621 916 acuto
1647 871 1698 917 in

139 950 280 996 initio
305 951 462 1011 operis
484 958 709 997 exaratae
724 957 852 1005 sunt,
878 951 948 997 ita
967 956 1022 996 ut
1041 949 1289 996 interdum
1314 965 1456 1012 aegre
1475 949 1575 1012 legi
1591 967 1701 1011 pos—

139 1030 258 1083 sint,
298 1030 491 1090 puriore
525 1048 636 1078 vero
663 1032 907 1092 deinceps,
972 1030 1154 1076 Omnes
1192 1030 1279 1075 has
1304 1030 1484 1092 glossas
1510 1031 1701 1091 assequi

140 1126 228 1155 nec
255 1110 384 1156 volui
417 1110 672 1172 {quaedam
697 1111 881 1157 scilicet
906 1109 1105 1155 minoris
1132 1109 1423 1156 videbantur
1447 1111 1698 1174 momenti)

140 1206 228 1235 nec
255 1190 415 1250 potui,
448 1191 668 1250 quamvis
693 1190 829 1237 adfui
853 1190 927 1236 bis
953 1190 1247 1244 Mediolani,
1287 1196 1342 1235 ut
1367 1190 1548 1250 potirer
1572 1190 1701 1252 glos-

139 1285 300 1314 sarum
336 1270 475 1331 copia
507 1270 654 1316 etiam
695 1271 842 1333 hujus
876 1269 1069 1316 codicis.
1134 1268 1290 1315 Adfui
1323 1269 1454 1315 enim
1487 1269 1700 1316 infausto

140 1358 265 1394 astro
311 1355 410 1394 tam
450 1350 608 1410 prima
652 1350 780 1402 vice,
837 1366 948 1395 cum
989 1351 1050 1395 ob
1094 1365 1405 1411 congressum
1447 1351 1699 1396 doctorum

141 1428 314 1473 Italiae
341 1428 553 1473 virorum
587 1429 885 1475 bibliotheca
916 1446 1014 1474 11011
1040 1435 1227 1490 pateret
1255 1429 1590 1475 laborantibus
1617 1431 1701 1475 sed

140 1507 451 1553 visitantibus
468 1506 512 1561 ,²³⁸⁴
552 1524 699 1567 quam
726 1509 877 1554 altera
901 1508 1005 1555 vice
1025 1524 1189 1554 mense
1214 1508 1441 1570 Augusto
1469 1525 1512 1553 a.
1551 1509 1694 1561 1846.

142 1603 253 1632 cum
302 1588 496 1632 morbus
546 1589 724 1649 typhus
771 1588 1024 1634 invasisset
1073 1588 1345 1639 civitatem,
1404 1588 1542 1650 cujus
1596 1588 1699 1650 ipse

140 1667 298 1726 prima
335 1666 517 1712 indicia
559 1668 770 1713 sentiens
808 1667 1014 1728 Alpium
1055 1667 1294 1713 saniorem
1336 1672 1496 1713 aerem
1534 1674 1698 1728 petere

140 1751 333 1791 coactus
367 1762 490 1791 sum.
550 1746 785 1797 Quamvis
821 1764 936 1809 ergo
969 1763 1067 1792 non
1100 1752 1155 1792 ut
1181 1751 1283 1792 erat
1307 1746 1360 1792 111
1385 1747 1507 1793 votis
1533 1765 1700 1794 conse-

140 1832 280 1870 cutus
306 1842 412 1870 sum
438 1842 631 1871 omnem
647 1843 764 1881 rem,
796 1843 895 1872 non
916 1826 1030 1872 satis
1055 1842 1251 1887 possum
1275 1826 1502 1875 laudibus
1529 1829 1698 1875 efferre

138 1904 495 1950 humanitatem
532 1912 580 1951 et
615 1906 1005 1952 benevolentiam
1037 1906 1090 1953 in
1115 1923 1192 1952 me
1219 1912 1317 1953 tam
1342 1907 1698 1968 praefectorum

138 1983 480 2038 bibliothecae,
501 2001 649 2045 quam
665 1986 853 2033 comitis
865 1986 1195 2039 Castilionaei,
1219 1987 1431 2033 virorum
1446 1994 1697 2049 praestan--

140 2062 434 2110 tissimorum
460 2072 507 2111 et
534 2066 936 2112 doctissimorum.
984 2066 1120 2112 Huic
1144 2066 1268 2112 libro
1294 2067 1334 2113 si
1358 2066 1558 2114 fortasse
1584 2085 1698 2114 con—

141 2142 307 2203 tigerit
339 2147 551 2191 secunda
577 2146 748 2199 editio,
791 2162 928 2206 spero
954 2162 1052 2191 non
1077 2144 1305 2193 defutura
1330 2163 1418 2193 nec
1444 2148 1563 2194 haec
1590 2150 1698 2194 Me-

142 2222 459 2276 diolanensia,
502 2241 590 2270 nec
625 2241 748 2284 quae
784 2231 1036 2271 servantur
1068 2226 1322 2287 Augustae
1349 2227 1690 2282 Taurinorum,

139 2301 340 2347 collecta
373 2304 432 2348 ab
467 2305 532 2349 A.
564 2305 776 2366 Peyron,
822 2305 923 2350 viro
956 2305 1218 2352 clarissimo
1254 2305 1333 2367 gcf.
1372 2306 1474 2352 Cic.
1516 2305 1689 2369 fragm.

138 2381 268 2426 ined.
298 2398 346 2442 p.
385 2382 494 2429 191.
534 2383 658 2436 192,
703 2400 850 2443 quam
884 2384 1131 2434 civitatem
1169 2402 1246 2439 re,
1287 2388 1348 2432 ob
1383 2403 1529 2446 quam
1563 2386 1695 2432 adie-

137 2477 255 2514 ram,
287 2462 484 2508 omnino
508 2463 689 2509 infecta
714 2463 907 2523 reliqui.

275 2542 322 2586 4.
364 2541 530 2588 Codex
555 2543 879 2589 bibliothecae
906 2543 1283 2591 Carlisruhensis
1324 2543 1387 2605 [n.
1421 2544 1498 2595 83,
1532 2545 1611 2591 Cr.
1642 2546 1693 2592 in

138 2620 229 2664 hoc
255 2622 440 2683 opere),
481 2622 604 2668 liber
629 2624 876 2682 quondam
902 2625 1180 2670 monasterii
1203 2624 1397 2686 Augiae
1424 2624 1616 2686 majoris
1642 2625 1693 2670 in

230 2764 246 2779 ⁴*
272 2764 457 2802 Quantum
481 2768 558 2799 tum
585 2766 687 2801 licuit
720 2767 774 2801 uti
800 2767 922 2802 codice
949 2781 1088 2803 carmen
1121 2769 1255 2816 primae
1280 2768 1431 2814 paginae
1457 2767 1627 2814 descripsi
1657 2774 1693 2803 et

139 2820 310 2864 quasdam
328 2833 390 2866 per
406 2826 523 2855 totum
542 2823 718 2865 codicem,
740 2829 780 2858 ut
799 2824 1022 2860 obvenerunt
1039 2827 1200 2867 fortuito,
1222 2825 1351 2870 collegi
1369 2825 1518 2871 glossas,
1539 2837 1610 2860 non
1629 2839 1692 2859 no-

139 2883 217 2911 tans
236 2878 384 2923 paginas
403 2879 546 2921 codicis,
568 2893 658 2926 quae
677 2881 712 2915 in
731 2881 799 2916 hoc
817 2894 923 2928 opere
940 2883 1038 2918 nudo
1052 2884 1154 2929 signo
1169 2884 1235 2917 Ml.
1251 2883 1471 2928 significatae
1486 2888 1690 2918 occurrunt.
