1897 3072
185 50 260 89 130
465 51 501 89 I.
540 54 577 89 1.
639 62 863 89 coxsoNAE
885 62 1185 89 BRITANNICAE
1207 62 1438 93 LIQUIDAE.

200 165 258 219 gl.
283 163 472 217 armella)
494 163 552 217 gl.
578 163 718 204 Oxon.
763 163 816 203 In
838 164 922 202 fine
942 176 1114 202 vocum:
1141 162 1185 203 in
1207 161 1247 202 ir
1269 161 1366 203 leam
1389 164 1598 215 (aestate),
1620 162 1664 203 in
1687 163 1728 203 ἐν

179 250 300 291 yaem
323 234 496 287 (hieme)
518 234 563 274 in
585 234 676 274 cod.
702 234 910 274 Lichfeld.
935 233 980 272 in
1001 233 1197 286 Append.
1222 232 1316 273 libr.
1342 234 1530 274 Landav.
1555 248 1598 288 p.
1628 238 1724 274 272.

182 321 276 348 nom
299 306 374 360 (gl.
399 305 589 360 templa),
611 304 792 345 cemecid
813 304 888 358 (gl.
910 311 1090 351 sartum3
1116 317 1300 357 compos.
1321 306 1488 357 cem-e.)
1503 304 1562 357 gl.
1584 305 1724 345 Oxon.

183 379 236 418 In
259 376 586 417 derivationibus
609 374 988 416 substantivorum:
1022 373 1250 414 aokmonou
1273 373 1349 427 (81.
1374 373 1592 428 inguina),
1623 380 1726 416 etem

184 448 258 502 (gl.
275 447 455 499 instita),
470 446 610 487 nedz'm
623 446 698 499 (81.
715 445 843 499 ascia)
856 445 914 499 gl.
931 445 1070 485 Oxon.
1085 461 1095 493 3
1113 444 1157 484 in
1172 443 1536 485 terminationibus
1549 445 1730 499 denique

184 533 270 559 -am
292 517 536 572 superlativi
558 516 750 569 (hehham
771 516 828 570 gl.
854 516 1016 569 Oxon.)
1038 522 1163 569 atque
1184 514 1300 555 verbi
1322 529 1423 564 -am,
1450 515 1568 565 -z'am,
1595 530 1725 556 ·aam.

296 587 573 629 Armorica
610 588 657 627 M
697 587 857 627 intacta
892 586 1137 640 regulariter
1171 585 1216 626 in
1263 585 1505 626 nominibus
1551 586 1730 641 propriis

183 658 428 701 chartularii
443 657 760 699 Rhedonensis:
785 657 1045 697 Roeneomal
1067 661 1102 705 1,
1127 661 1165 696 7.
1197 656 1434 697 W'orcomet
1453 662 1489 706 1,
1511 661 1579 697 42.
1609 658 1672 697 W
1669 657 1731 697 iu-

183 731 331 773 ltamal
350 731 459 770 Mor.
489 733 584 769 266.
615 728 849 769 Leuhemel
866 727 922 781 sq.
956 729 1110 768 Nemet
1130 727 1200 779 (cf.
1225 742 1268 781 p.
1299 731 1412 781 102).
1443 727 1650 768 Nominoe
1669 727 1728 780 fq.

184 803 385 843 Mormcm
419 806 464 850 1,
500 804 538 840 2.
576 805 613 839 7.
651 804 717 838 37.
757 799 968 839 Mormoet
1002 798 1110 838 Mor.
1139 801 1234 837 296.
1280 799 1458 838 Catmcm
1494 799 1603 838 Mor.
1632 802 1728 837 300.

191 874 412 914 Woratam
439 877 474 921 1,
499 874 565 910 22.
596 872 798 910 Comatam
825 874 861 918 1,
885 874 951 908 34.
981 868 1223 909 C'ritemmm
1251 873 1287 917 1,
1310 871 1376 907 22.
1411 868 1599 908 Residua
1629 869 1733 908 adeo

184 944 321 985 adhuc
350 944 394 983 in
424 942 677 996 quibusdam
705 940 876 980 vocibus
906 939 952 980 in
973 939 1110 979 Buh.:
1146 952 1315 993 armory
1338 938 1612 992 (Armorica),
1644 952 1735 978 mor

185 1014 368 1056 armore'e
398 1016 528 1067 (mare
558 1011 826 1064 armoricuni)
859 1015 935 1059 48,
965 1014 1029 1050 18.
1060 1013 1160 1058 148,
1187 1013 1254 1049 21.
1295 1009 1474 1049 demetri
1501 1008 1732 1062 (Demetia)

187 1092 254 1135 30,
286 1091 321 1126 1.
350 1090 416 1134 34,
439 1089 479 1124 4.
504 1097 617 1131 mcm,
643 1096 769 1122 anam
793 1082 976 1134 (menda,
1003 1079 1166 1120 macula
1180 1095 1190 1128 3
1217 1080 1371 1119 cambr.
1396 1087 1479 1119 vet.
1505 1094 1645 1128 cenam,
1670 1079 1729 1133 gl.

184 1158 358 1206 menda,
384 1156 441 1209 81.
467 1155 629 1206 Oxon.)
656 1156 729 1201 72,
761 1156 825 1191 16.
856 1156 957 1200 104,
985 1154 1023 1190 6.
1054 1149 1199 1190 (limam
1223 1149 1331 1202 (sine
1351 1150 1540 1199 macula3
1574 1150 1620 1190 in
1641 1149 1734 1190 aliis

183 1228 284 1269 locis
306 1225 502 1280 clicmqff)
529 1227 593 1273 72,
625 1228 689 1262 17.

300 1296 505 1351 Liquidae
527 1294 763 1349 geminatae
785 1293 829 1333 111
852 1291 1148 1333 vetustioribus
1171 1292 1382 1332 codicibus
1404 1290 1620 1332 cambricis
1638 1290 1735 1331 scri-

186 1374 345 1413 buntur
365 1369 612 1422 plerumque
628 1379 742 1405 more
764 1363 908 1403 solito:
931 1362 1146 1417 qecz'llz'ln’m
1171 1363 1246 1416 (gl.
1273 1362 1467 1416 forceps),
1493 1362 1636 1402 bakell
1655 1361 1732 1415 (81.

186 1440 375 1492 securis),
398 1437 569 1492 quopell
589 1436 664 1489 (gl.
691 1434 887 1486 sudaris),
914 1433 1018 1486 epill
1044 1434 1119 1487 (gl.
1145 1434 1321 1486 clavus),
1349 1433 1546 1473 lammam
1570 1432 1645 1485 (gl.
1672 1446 1735 1472 sa-

184 1513 283 1564 lio),
315 1508 512 1550 commem
545 1506 699 1559 (viae),
731 1503 908 1545 emmeni
933 1506 1195 1558 (butyrum),
1221 1517 1402 1544 mmmm
1431 1503 1507 1556 (81.
1540 1502 1732 1557 partior),

187 1582 339 1624 emesan
373 1580 448 1633 (81.
475 1579 671 1629 incudo),
705 1591 877 1616 corsemz
908 1575 983 1627 (81.
1009 1577 1215 1628 arundo),
1250 1575 1363 1615 elima
1393 1574 1468 1628 (gl.
1493 1574 1732 1626 novacula),

187 1667 284 1694 carr
307 1651 381 1704 (gl.
407 1649 682 1699 vehiculum),
709 1647 809 1687 bart·
831 1646 906 1699 (81.
932 1646 1220 1698 colomaticus)
1234 1678 1246 1695 ,
1270 1659 1362 1686 serr
1385 1645 1459 1698 (gl.
1484 1646 1669 1697 voscera)
1692 1643 1736 1683 in

187 1722 335 1777 glossis
367 1722 507 1761 Oxou.
560 1719 849 1758 Observantur
884 1723 1025 1756 tamen
1060 1716 1105 1756 in
1141 1716 1290 1755 iisdem
1319 1714 1467 1768 glossis
1499 1714 1589 1768 jam
1616 1713 1738 1754 initia

189 1790 426 1847 scriptionis
458 1789 484 1830 h
506 1787 781 1843 duplicantis:
819 1786 1026 1827 lemhaam
1049 1787 1124 1839 (gl.
1150 1788 1321 1839 arguo),
1351 1784 1628 1839 quorz'mketic
1657 1784 1733 1838 (81.

189 1864 398 1918 argutus),
424 1859 701 1901 etncoz'lleaam
725 1858 800 1911 (gl.
822 1856 1032 1910 auspici03
1058 1857 1111 1897 cf.
1136 1856 1346 1905 elmillioc,
1368 1870 1516 1909 augur,
1537 1856 1735 1908 Vocab.),

190 1943 314 1988 atque
337 1932 463 1972 etiam
485 1929 722 1984 scriptionis
746 1927 947 1982 simplicis
970 1927 1145 1968 ibidem:
1173 1927 1268 1967 bael
1287 1928 1361 1978 (z
1383 1925 1562 1979 bahell),
1585 1925 1745 1979 yuapel

193 2013 266 2053 (==
279 2002 482 2059 quopell),
498 2000 634 2040 armel
647 1999 854 2052 (armella)
876 2002 914 2038 2.
931 1999 1070 2039 Oxou.
1089 1997 1260 2038 lemenie
1277 1997 1413 2045 (salax
1429 2012 1440 2045 3
1462 2010 1483 2036 e
1502 1996 1736 2048 lammam),

193 2091 260 2116 (cm
282 2075 325 2115 111
348 2086 531 2126 compos.
557 2070 709 2111 amlav’s
730 2071 775 2110 in
797 2070 888 2109 cod.
919 2074 954 2108 1.
980 2068 1120 2109 Oxon.

307 2146 360 2185 In
391 2142 697 2184 recentiore
726 2142 897 2181 demum
917 2139 1064 2193 lingua
1084 2139 1309 2180 infectione
1340 2137 1608 2185 destituente,
1634 2149 1740 2189 quae

194 2216 326 2269 magis
357 2213 573 2266 magisque
603 2211 818 2260 increscit,
851 2210 1057 2264 oppositio
1090 2209 1200 2250 inter
1229 2208 1411 2263 liquidas
1441 2207 1572 2247 oritur
1593 2205 1742 2246 similis

194 2285 431 2327 hibernicae
464 2281 718 2337 oppositioni
753 2281 1032 2335 liquidarum,
1066 2280 1256 2334 quamvis
1287 2279 1341 2320 sit
1371 2277 1544 2331 originis
1572 2289 1741 2329 prorsus

196 2358 396 2399 diversae.
442 2354 553 2394 Sunt
582 2352 695 2393 enim
717 2352 815 2392 inde
837 2353 889 2392 ab
910 2365 958 2392 ea
978 2350 1161 2404 liquidae
1183 2351 1268 2391 sive
1290 2347 1559 2402 originariae,
1585 2345 1743 2386 scilicet

196 2444 283 2470 non
304 2425 543 2472 destitutae,
568 2422 653 2463 sive
674 2422 914 2463 destitutae.

312 2495 470 2538 Camb
482 2493 589 2533 rica
624 2492 793 2546 scriptio
821 2491 1101 2545 liquidarum,
1135 2491 1247 2544 quod
1277 2489 1349 2530 illa
1377 2487 1661 2544 oppositione,
1696 2493 1745 2526 ut

199 2571 386 2617 videtur,
419 2579 505 2606 non
536 2563 760 2603 destitutae
795 2563 840 2602 in
870 2561 1083 2602 fortiorem
1109 2560 1498 2615 pronuntiationem
1527 2565 1745 2612 protrusae

201 2648 301 2682 sunt
330 2636 415 2679 acsi
451 2640 590 2676 essent
626 2633 886 2686 geminatae,
918 2631 1218 2681 communiter,
1251 2630 1336 2671 sive
1377 2629 1463 2670 sint
1490 2627 1741 2683 primitivae,

202 2712 286 2752 sive
322 2707 557 2763 geminatae
593 2703 798 2757 liquidae,
832 2711 894 2744 est
930 2717 1016 2743 una
1050 2702 1277 2755 eademque
1306 2702 1499 2754 (excepta
1534 2699 1672 2739 forsan
1700 2712 1743 2746 η,

204 2782 321 2834 cnjus
353 2780 396 2818 in
419 2775 621 2817 hodierna
642 2774 789 2815 saltem
810 2773 1035 2827 scriptione
1055 2787 1266 2826 nusquam
1288 2779 1351 2812 est
1371 2769 1645 2823 differentia);
1678 2768 1746 2808 de-
