1897 3072
206 93 287 134 288
595 94 656 134 ΙΙ.
685 96 723 132 2.
784 105 1049 134 DECLINATIO
1072 105 1358 134 BRITANNICA.

204 206 409 254 rietatem,
435 205 761 258 deprehenditur
788 213 1014 260 paupertas
1040 213 1081 245 et
1102 205 1329 246 formarum
1349 206 1539 259 penuria.
1585 206 1750 246 Genera

206 277 320 316 enim
350 275 722 325 substantivorum,
748 283 797 316 ut
826 276 872 316 in
902 282 1068 316 vetusta
1098 275 1312 315 hibernica
1332 275 1493 330 lingua,
1518 275 1751 317 britannice

206 347 325 387 nullo
352 347 476 386 modo
505 346 802 386 discernuntur
830 360 1004 386 casuum
1025 345 1219 395 flexione,
1244 359 1400 385 nomen
1419 346 1559 399 potius
1580 346 1751 387 indecli-

207 416 347 457 nabile
377 416 459 456 dici
490 417 612 456 debet
640 431 714 470 per
745 431 881 457 casus.
936 416 1259 456 Enumerandae
1289 415 1382 456 ideo
1413 416 1522 457 solae
1553 416 1752 456 flexiones

207 486 374 528 numeri
394 486 628 540 utriusque,
653 486 869 540 pauciores
891 486 1057 527 numeri
1078 486 1318 540 singularis,
1340 501 1446 541 quae
1468 486 1625 527 seilicet
1645 488 1756 526 fiunt

208 557 378 598 nonnisi
414 557 467 596 ad
503 556 824 597 discernendum
861 571 995 611 genus
1031 556 1353 611 adjectivorum,
1385 558 1525 612 plures
1561 556 1751 610 pluralis,

210 636 295 668 tam
326 627 686 667 substantivorum
706 642 833 681 quam
854 627 1168 682 adjectivorum,
1194 627 1346 681 quibus
1367 628 1435 669 hic
1456 641 1657 668 numerus
1679 625 1755 666 dif-

210 699 288 738 fert
318 713 341 738 a
369 697 587 751 singulari.
632 698 838 738 Addenda
868 705 969 738 sunt
998 705 1139 738 tamen
1170 698 1396 752 peculiaria
1425 699 1631 753 quaedam
1661 697 1756 736 sub-

210 768 489 809 stantivorum
527 767 697 821 linguae
734 767 992 809 britannicae
1028 769 1341 809 collectivorum
1377 776 1419 809 et
1454 766 1757 822 singularitatis

212 848 337 894 atque
358 838 523 879 numeri
545 838 681 879 dualis
702 845 866 892 praeter
887 853 1041 893 paucas
1062 839 1263 879 flexiones
1285 839 1513 879 anomalas.

325 910 415 950 Nee
446 923 543 948 vero
573 908 747 962 pluralis
777 908 943 948 numeri
964 909 1164 949 flexiones
1186 910 1252 949 vel
1275 909 1589 950 terminationes
1611 906 1758 948 nume.—

212 981 385 1021 rosiores
408 986 507 1019 sunt
528 979 719 1033 propriae
740 978 867 1032 hujus
890 979 955 1019 vel
976 979 1090 1020 illius
1108 980 1287 1033 generis,
1309 980 1380 1020 sed
1397 993 1638 1019 communes
1655 978 1757 1018 utri-

213 1067 293 1106 que
320 1050 478 1105 generi,
503 1044 736 1089 masculino
767 1057 808 1090 et
828 1049 1045 1099 feminino,
1071 1065 1177 1103 quae
1198 1050 1431 1090 britannice
1453 1049 1590 1090 adhuc
1612 1048 1759 1088 distin-

212 1128 418 1175 guuntur.
464 1120 641 1160 Generis
669 1120 860 1160 neutrius
890 1120 1003 1160 enim
1032 1135 1137 1173 quae
1159 1121 1331 1161 fuerunt
1350 1120 1545 1174 primitus
1568 1120 1759 1159 substan-

215 1192 299 1232 tiva
330 1191 439 1231 inter
477 1190 711 1230 masculina
740 1197 905 1243 recepta
946 1198 1067 1239 sunt,
1102 1198 1150 1230 ut
1186 1205 1221 1230 e.
1253 1205 1315 1243 gr.
1348 1190 1562 1230 hibernica
1596 1195 1761 1229 vetusta

214 1268 364 1302 neutra
395 1262 449 1301 ἦν
480 1263 651 1315 (terra),
685 1261 799 1301 aium
831 1263 1021 1316 (nomen)
1054 1268 1154 1300 sunt
1182 1260 1415 1300 masculina
1444 1259 1646 1300 hodierna
1676 1267 1761 1300 tam

215 1331 421 1373 cambrica
450 1331 505 1372 tir
535 1338 577 1371 et
607 1345 710 1380 eme,
736 1346 862 1385 quam
893 1331 1094 1372 armorica
1126 1331 1182 1372 tir
1209 1339 1249 1371 et
1279 1331 1402 1371 hano.
1448 1332 1565 1371 Inter
1597 1332 1679 1370 duo
1701 1344 1761 1370 re-

216 1403 336 1443 sidua
364 1417 518 1455 genera
548 1401 784 1442 britannica
814 1417 910 1442 eum
941 1402 994 1442 sit
1016 1402 1187 1442 nonnisi
1209 1401 1553 1442 terminationum
1574 1400 1763 1440 derivan-

218 1473 324 1514 tium
354 1472 593 1512 distributio
623 1480 734 1512 certa
765 1474 889 1525 (quae
921 1472 1235 1513 terminationes
1263 1486 1359 1525 ergo
1380 1486 1514 1525 genus
1536 1470 1763 1511 substanti-

217 1559 365 1584 vorum
392 1542 724 1583 britannicorum
744 1543 967 1596 prodentes
989 1543 1250 1597 proferentur
1272 1542 1380 1582 infra
1401 1542 1446 1582 in
1468 1542 1602 1596 eapite
1623 1543 1674 1581 de
1696 1542 1765 1582 de-

217 1615 455 1667 rivatione),
482 1614 618 1667 sitque
645 1613 772 1653 etiam
793 1613 1005 1653 interdum
1027 1614 1192 1654 nutatio
1214 1613 1323 1653 inter
1344 1612 1626 1652 masculinum
1647 1618 1688 1652 et
1708 1611 1764 1651 fe-

218 1684 444 1733 mininum,
460 1683 479 1704 *
500 1699 586 1724 non
609 1685 840 1723 seeundum
861 1698 1015 1737 genera
1036 1685 1395 1724 enumerabuntur
1416 1682 1608 1736 exempla
1627 1695 1704 1721 nec
1721 1680 1765 1721 in

219 1756 291 1796 illo
321 1769 510 1803 numero,
537 1755 712 1794 addetur
744 1762 884 1794 tamen
915 1754 1175 1809 frequentius
1203 1768 1337 1807 genus
1358 1753 1612 1802 vetustioris,
1639 1751 1674 1793 si
1695 1766 1764 1806 ap-

219 1833 350 1880 paret,
375 1825 441 1865 vel
461 1824 686 1865 hodiernae
708 1824 892 1878 linguae.

831 1957 1164 2011 Singularis.

336 2072 468 2113 Nulla
498 2085 672 2112 casuum
701 2070 825 2110 flexio
855 2085 933 2110 nec
963 2070 1215 2110 substantivi
1247 2085 1322 2111 nec
1354 2069 1549 2124 adjectivi
1576 2068 1703 2110 etiam
1723 2068 1768 2108 111

224 2142 520 2183 vetustioribus
548 2141 712 2195 glossis,
738 2156 774 2180 e.
799 2156 862 2193 gr.
888 2140 932 2180 in
954 2141 1119 2181 Oxon.:
1155 2155 1248 2181 nom
1279 2141 1319 2181 ir
1350 2139 1643 2193 bleeqmrthetz'c
1665 2138 1769 2179 buch

225 2213 300 2266 (81.
327 2213 482 2266 templa
513 2212 723 2266 lanigerae
745 2211 995 2265 juvencae),
1022 2226 1068 2251 07·
1094 2226 1205 2265 qam
1229 2211 1303 2265 (gl.
1329 2210 1510 2264 medio),
1536 2210 1580 2250 in
1611 2209 1651 2250 ir
1667 2224 1768 2264 quo-

225 2282 417 2323 rimlzetic
435 2283 529 2323 dall
547 2283 621 2336 (81.
644 2283 688 2323 111
705 2289 852 2336 arguto
870 2282 991 2335 foro),
1013 2296 1059 2321 or
1076 2281 1252 2323 dometio
1269 2282 1343 2335 (81.
1365 2297 1389 2322 a
1405 2280 1595 2333 domito).
1630 2279 1768 2321 Vesti-

317 2472 332 2487 *
357 2471 439 2505 Non
465 2471 579 2504 solum
605 2472 641 2505 in
668 2472 815 2506 diversis
839 2472 998 2507 dialectis
1023 2472 1085 2506 sed
1112 2472 1217 2506 etiam
1246 2472 1281 2505 in
1301 2470 1422 2504 eadem
1441 2470 1579 2504 diverso
1597 2476 1767 2516 tempore.

228 2529 283 2561 Ita
308 2527 420 2560 subst.
448 2527 530 2561 fem.
549 2528 688 2561 hibern.
716 2534 786 2562 vet.
813 2528 942 2562 ainzsm·
969 2528 1134 2573 (tempus)
1156 2533 1209 2561 est
1233 2527 1338 2561 etiam
1364 2527 1534 2560 armorice
1560 2527 1770 2560 femininum

227 2596 352 2625 (miser,
375 2584 436 2617 sed
454 2584 627 2617 cambrice
646 2584 891 2627 masculinum,
912 2590 952 2618 ut
970 2585 1087 2625 hodie,
1109 2585 1184 2629 jam
1211 2584 1246 2617 111
1264 2585 1351 2628 Leg.
1372 2583 1504 2629 praefi:
1525 2596 1565 2617 en
1587 2596 1633 2628 yr
1657 2595 1772 2617 amscr

224 2641 309 2684 ⁸ulau
327 2640 448 2673 lemma
469 2639 580 2685 (sacro
605 2641 671 2673 1100
698 2646 875 2686 tempore3
905 2653 1006 2686 pron.
1027 2641 1162 2674 hwmew
1180 2640 1318 2684 masc.).
1355 2640 1425 2673 Sed
1442 2651 1531 2684 quae
1549 2640 1586 2673 in
1603 2641 1691 2685 Leg.
1712 2639 1771 2673 ad-

229 2698 296 2730 huc
321 2696 551 2730 inveniuntur
576 2701 777 2730 constructa
802 2701 841 2729 ut
867 2696 1037 2730 feminina
1060 2696 1281 2730 substantiva
1305 2697 1463 2730 derivata
1487 2696 1590 2730 -aetlc
1618 2696 1768 2741 (hibern.

228 2758 298 2786 vet.
319 2756 409 2793 -aet,
430 2754 535 2787 -acltt
550 2753 663 2798 fem.)‚
684 2757 854 2787 notantur
880 2753 1075 2787 masculina
1103 2753 1139 2786 111
1164 2752 1286 2787 lexicis
1311 2753 1503 2788 hodiernae
1520 2753 1663 2798 linguae
1681 2763 1771 2786 cam-

229 2812 356 2845 bricae.
