<?xml version="1.0" encoding="UTF-8"?>
<!DOCTYPE html PUBLIC "-//W3C//DTD XHTML 1.0 Transitional//EN"
    "http://www.w3.org/TR/xhtml1/DTD/xhtml1-transitional.dtd">
<html xmlns="http://www.w3.org/1999/xhtml" xml:lang="en" lang="en">
 <head>
  <title>
</title>
<meta http-equiv="Content-Type" content="text/html;charset=utf-8" />
  <meta name='ocr-system' content='tesseract 3.04.00' />
  <meta name='ocr-capabilities' content='ocr_page ocr_carea ocr_par ocr_line ocrx_word'/>
</head>
<body>
  <div class='ocr_page' id='page_1' title='image "./grammaticaceltic01zeusuoft_0191.png"; bbox 0 0 1897 3072; ppageno 0'>
   <div class='ocr_carea' id='block_1_1' title="bbox 429 86 1692 131">
    <p class='ocr_par' dir='ltr' id='par_1_1' title="bbox 429 86 1692 131">
     <span class='ocr_line' id='line_1_1' title="bbox 429 86 1692 131; baseline -0.001 -5"><span class='ocrx_word' id='word_1_1' title='bbox 429 88 463 127; x_wconf 78' lang='lat' dir='ltr'>l.</span> <span class='ocrx_word' id='word_1_2' title='bbox 504 93 539 127; x_wconf 82' lang='lat'>1.</span> <span class='ocrx_word' id='word_1_3' title='bbox 605 101 828 129; x_wconf 65' lang='lat' dir='ltr'>eoNsoxAE</span> <span class='ocrx_word' id='word_1_4' title='bbox 852 101 1151 128; x_wconf 78' lang='lat' dir='ltr'>BRITANNICAE</span> <span class='ocrx_word' id='word_1_5' title='bbox 1174 100 1402 131; x_wconf 62' lang='lat' dir='ltr'>monime.</span> <span class='ocrx_word' id='word_1_6' title='bbox 1614 86 1692 126; x_wconf 76' lang='lat'>129</span> 
     </span>
    </p>
   </div>
   <div class='ocr_carea' id='block_1_2' title="bbox 89 200 1695 1232">
    <p class='ocr_par' dir='ltr' id='par_1_2' title="bbox 143 200 1694 666">
     <span class='ocr_line' id='line_1_2' title="bbox 145 200 1692 256; baseline -0.001 -13"><span class='ocrx_word' id='word_1_7' title='bbox 145 217 240 243; x_wconf 90' lang='lat' dir='ltr'>cum</span> <span class='ocrx_word' id='word_1_8' title='bbox 261 201 430 256; x_wconf 76' lang='lat' dir='ltr'>liquidis</span> <span class='ocrx_word' id='word_1_9' title='bbox 454 201 705 255; x_wconf 87' lang='lat' dir='ltr'>quibusdam</span> <span class='ocrx_word' id='word_1_10' title='bbox 727 200 990 255; x_wconf 82' lang='lat' dir='ltr'>(praesertim</span> <span class='ocrx_word' id='word_1_11' title='bbox 1010 215 1046 250; x_wconf 77' lang='lat' dir='ltr'>r,</span> <span class='ocrx_word' id='word_1_12' title='bbox 1072 200 1284 241; x_wconf 90' lang='lat' dir='ltr'>interdum</span> <span class='ocrx_word' id='word_1_13' title='bbox 1308 201 1335 249; x_wconf 79' lang='lat' dir='ltr'>l,</span> <span class='ocrx_word' id='word_1_14' title='bbox 1361 216 1452 241; x_wconf 86' lang='lat' dir='ltr'>raro</span> <span class='ocrx_word' id='word_1_15' title='bbox 1474 206 1536 254; x_wconf 75' lang='lat' dir='ltr'>n),</span> <span class='ocrx_word' id='word_1_16' title='bbox 1567 209 1692 255; x_wconf 85' lang='lat' dir='ltr'>atque</span> 
     </span>
     <span class='ocr_line' id='line_1_3' title="bbox 145 271 1691 327; baseline -0.001 -14"><span class='ocrx_word' id='word_1_17' title='bbox 145 281 262 313; x_wconf 79' lang='lat' dir='ltr'>extra</span> <span class='ocrx_word' id='word_1_18' title='bbox 289 272 541 327; x_wconf 81' lang='lat' dir='ltr'>positionem</span> <span class='ocrx_word' id='word_1_19' title='bbox 563 272 608 312; x_wconf 91' lang='lat' dir='ltr'>in</span> <span class='ocrx_word' id='word_1_20' title='bbox 629 271 799 312; x_wconf 81' lang='lat' dir='ltr'>vocibus</span> <span class='ocrx_word' id='word_1_21' title='bbox 822 271 901 321; x_wconf 88' lang='lat' dir='ltr'>eis,</span> <span class='ocrx_word' id='word_1_22' title='bbox 926 271 971 311; x_wconf 92' lang='lat' dir='ltr'>in</span> <span class='ocrx_word' id='word_1_23' title='bbox 994 271 1146 325; x_wconf 88' lang='lat' dir='ltr'>quibus</span> <span class='ocrx_word' id='word_1_24' title='bbox 1168 279 1356 311; x_wconf 84' lang='lat' dir='ltr'>servatur</span> <span class='ocrx_word' id='word_1_25' title='bbox 1378 271 1589 312; x_wconf 88' lang='lat' dir='ltr'>hibernice</span> <span class='ocrx_word' id='word_1_26' title='bbox 1611 279 1691 312; x_wconf 84' lang='lat' dir='ltr'>sta-</span> 
     </span>
     <span class='ocr_line' id='line_1_4' title="bbox 146 342 1691 396; baseline 0 -13"><span class='ocrx_word' id='word_1_27' title='bbox 146 351 213 384; x_wconf 91' lang='lat' dir='ltr'>tus</span> <span class='ocrx_word' id='word_1_28' title='bbox 236 342 485 396; x_wconf 85' lang='lat' dir='ltr'>originarius</span> <span class='ocrx_word' id='word_1_29' title='bbox 507 357 728 382; x_wconf 77' lang='lat' dir='ltr'>consonae.</span> <span class='ocrx_word' id='word_1_30' title='bbox 764 343 922 383; x_wconf 80' lang='lat' dir='ltr'>Contra</span> <span class='ocrx_word' id='word_1_31' title='bbox 942 343 1015 383; x_wconf 91' lang='lat' dir='ltr'>ubi</span> <span class='ocrx_word' id='word_1_32' title='bbox 1032 342 1167 383; x_wconf 89' lang='lat' dir='ltr'>inficit</span> <span class='ocrx_word' id='word_1_33' title='bbox 1184 342 1397 382; x_wconf 84' lang='lat' dir='ltr'>hibernica</span> <span class='ocrx_word' id='word_1_34' title='bbox 1413 342 1560 396; x_wconf 85' lang='lat' dir='ltr'>lingua</span> <span class='ocrx_word' id='word_1_35' title='bbox 1576 350 1691 383; x_wconf 70' lang='lat' dir='ltr'>extra</span> 
     </span>
     <span class='ocr_line' id='line_1_5' title="bbox 143 413 1694 468; baseline -0.001 -14"><span class='ocrx_word' id='word_1_36' title='bbox 143 414 410 468; x_wconf 77' lang='lat' dir='ltr'><strong>positionem,</strong></span> <span class='ocrx_word' id='word_1_37' title='bbox 431 413 664 453; x_wconf 77' lang='lat' dir='ltr'>britannice</span> <span class='ocrx_word' id='word_1_38' title='bbox 682 421 870 453; x_wconf 74' lang='lat' dir='ltr'>servatur</span> <span class='ocrx_word' id='word_1_39' title='bbox 891 420 1024 453; x_wconf 86' lang='lat' dir='ltr'>status</span> <span class='ocrx_word' id='word_1_40' title='bbox 1041 413 1278 466; x_wconf 79' lang='lat' dir='ltr'>primarius,</span> <span class='ocrx_word' id='word_1_41' title='bbox 1312 414 1482 453; x_wconf 85' lang='lat' dir='ltr'>Praeter</span> <span class='ocrx_word' id='word_1_42' title='bbox 1500 413 1694 454; x_wconf 87' lang='lat' dir='ltr'>tenuium</span> 
     </span>
     <span class='ocr_line' id='line_1_6' title="bbox 144 483 1692 539; baseline 0 -14"><span class='ocrx_word' id='word_1_43' title='bbox 144 485 253 525; x_wconf 85' lang='lat' dir='ltr'>hanc</span> <span class='ocrx_word' id='word_1_44' title='bbox 265 485 352 539; x_wconf 85' lang='lat' dir='ltr'>jam</span> <span class='ocrx_word' id='word_1_45' title='bbox 372 485 605 538; x_wconf 75' lang='lat' dir='ltr'>regularem</span> <span class='ocrx_word' id='word_1_46' title='bbox 626 483 680 524; x_wconf 91' lang='lat' dir='ltr'>in</span> <span class='ocrx_word' id='word_1_47' title='bbox 692 484 713 523; x_wconf 90' lang='lat' dir='ltr'>f</span> <span class='ocrx_word' id='word_1_48' title='bbox 718 499 739 524; x_wconf 96' lang='lat' dir='ltr'>e</span> <span class='ocrx_word' id='word_1_49' title='bbox 752 499 772 523; x_wconf 90' lang='lat' dir='ltr'>c</span> <span class='ocrx_word' id='word_1_50' title='bbox 786 484 862 524; x_wconf 87' lang='lat' dir='ltr'>tio</span> <span class='ocrx_word' id='word_1_51' title='bbox 873 499 901 524; x_wconf 96' lang='lat' dir='ltr'>n</span> <span class='ocrx_word' id='word_1_52' title='bbox 914 499 935 524; x_wconf 94' lang='lat' dir='ltr'>e</span> <span class='ocrx_word' id='word_1_53' title='bbox 946 498 989 524; x_wconf 91' lang='lat' dir='ltr'>m</span> <span class='ocrx_word' id='word_1_54' title='bbox 1019 499 1041 524; x_wconf 84' lang='lat' dir='ltr'>a</span> <span class='ocrx_word' id='word_1_55' title='bbox 1055 499 1111 538; x_wconf 91' lang='lat' dir='ltr'>sp</span> <span class='ocrx_word' id='word_1_56' title='bbox 1124 484 1201 524; x_wconf 86' lang='lat' dir='ltr'>ira</span> <span class='ocrx_word' id='word_1_57' title='bbox 1217 491 1267 524; x_wconf 84' lang='lat' dir='ltr'>ta</span> <span class='ocrx_word' id='word_1_58' title='bbox 1277 498 1320 523; x_wconf 90' lang='lat' dir='ltr'>m</span> <span class='ocrx_word' id='word_1_59' title='bbox 1349 483 1519 538; x_wconf 81' lang='lat' dir='ltr'>linguae</span> <span class='ocrx_word' id='word_1_60' title='bbox 1536 484 1692 526; x_wconf 86' lang='lat' dir='ltr'>britan-</span> 
     </span>
     <span class='ocr_line' id='line_1_7' title="bbox 143 555 1692 608; baseline 0.001 -13"><span class='ocrx_word' id='word_1_61' title='bbox 143 555 262 595; x_wconf 83' lang='lat' dir='ltr'>nicae</span> <span class='ocrx_word' id='word_1_62' title='bbox 294 555 462 595; x_wconf 79' lang='lat' dir='ltr'>dialecti</span> <span class='ocrx_word' id='word_1_63' title='bbox 499 564 657 595; x_wconf 77' lang='lat' dir='ltr'>veteres</span> <span class='ocrx_word' id='word_1_64' title='bbox 671 587 682 603; x_wconf 87' lang='lat'>,</span> <span class='ocrx_word' id='word_1_65' title='bbox 717 562 803 595; x_wconf 88' lang='lat' dir='ltr'>tam</span> <span class='ocrx_word' id='word_1_66' title='bbox 834 555 1039 595; x_wconf 89' lang='lat' dir='ltr'>cambrica</span> <span class='ocrx_word' id='word_1_67' title='bbox 1070 570 1197 608; x_wconf 89' lang='lat' dir='ltr'>quam</span> <span class='ocrx_word' id='word_1_68' title='bbox 1234 555 1458 604; x_wconf 87' lang='lat' dir='ltr'>armorica,</span> <span class='ocrx_word' id='word_1_69' title='bbox 1493 556 1692 596; x_wconf 74' lang='lat' dir='ltr'>exhibent</span> 
     </span>
     <span class='ocr_line' id='line_1_8' title="bbox 144 625 1622 666; baseline 0 0"><span class='ocrx_word' id='word_1_70' title='bbox 144 626 405 666; x_wconf 80' lang='lat' dir='ltr'>solummodo</span> <span class='ocrx_word' id='word_1_71' title='bbox 427 625 547 665; x_wconf 90' lang='lat' dir='ltr'>initia</span> <span class='ocrx_word' id='word_1_72' title='bbox 583 625 891 665; x_wconf 77' lang='lat' dir='ltr'>infectionis</span> <span class='ocrx_word' id='word_1_73' title='bbox 928 626 1013 665; x_wconf 86' lang='lat' dir='ltr'>des</span> <span class='ocrx_word' id='word_1_74' title='bbox 1028 625 1069 665; x_wconf 87' lang='lat' dir='ltr'>ti</span> <span class='ocrx_word' id='word_1_75' title='bbox 1083 633 1212 665; x_wconf 89' lang='lat' dir='ltr'>tuen</span> <span class='ocrx_word' id='word_1_76' title='bbox 1225 625 1292 665; x_wconf 88' lang='lat' dir='ltr'>tis</span> <span class='ocrx_word' id='word_1_77' title='bbox 1329 634 1370 666; x_wconf 87' lang='lat' dir='ltr'>et</span> <span class='ocrx_word' id='word_1_78' title='bbox 1405 641 1433 666; x_wconf 94' lang='lat' dir='ltr'>n</span> <span class='ocrx_word' id='word_1_79' title='bbox 1446 626 1622 666; x_wconf 86' lang='lat' dir='ltr'>asalis.</span> 
     </span>
    </p>

    <p class='ocr_par' dir='ltr' id='par_1_3' title="bbox 89 695 1695 1232">
     <span class='ocr_line' id='line_1_9' title="bbox 257 695 1688 751; baseline 0.001 -15"><span class='ocrx_word' id='word_1_80' title='bbox 257 696 482 736; x_wconf 86' lang='lat' dir='ltr'>Recentior</span> <span class='ocrx_word' id='word_1_81' title='bbox 511 695 657 748; x_wconf 88' lang='lat' dir='ltr'>lingua</span> <span class='ocrx_word' id='word_1_82' title='bbox 687 695 814 735; x_wconf 91' lang='lat' dir='ltr'>trium</span> <span class='ocrx_word' id='word_1_83' title='bbox 843 695 1116 735; x_wconf 84' lang='lat' dir='ltr'>dialectorum</span> <span class='ocrx_word' id='word_1_84' title='bbox 1139 695 1254 747; x_wconf 90' lang='lat' dir='ltr'>(inde</span> <span class='ocrx_word' id='word_1_85' title='bbox 1286 711 1310 736; x_wconf 89' lang='lat' dir='ltr'>a</span> <span class='ocrx_word' id='word_1_86' title='bbox 1332 696 1543 738; x_wconf 80' lang='lat' dir='ltr'>codicibus</span> <span class='ocrx_word' id='word_1_87' title='bbox 1567 698 1688 751; x_wconf 91' lang='lat' dir='ltr'>Leg.,</span> 
     </span>
     <span class='ocr_line' id='line_1_10' title="bbox 144 765 1694 819; baseline 0.001 -13"><span class='ocrx_word' id='word_1_88' title='bbox 144 767 279 815; x_wconf 64' lang='lat' dir='ltr'>Mab„</span> <span class='ocrx_word' id='word_1_89' title='bbox 305 767 461 806; x_wconf 72' lang='lat' dir='ltr'>Vocab.</span> <span class='ocrx_word' id='word_1_90' title='bbox 488 773 529 805; x_wconf 88' lang='lat' dir='ltr'>et</span> <span class='ocrx_word' id='word_1_91' title='bbox 550 766 685 818; x_wconf 85' lang='lat' dir='ltr'>Buh.)</span> <span class='ocrx_word' id='word_1_92' title='bbox 707 765 840 819; x_wconf 83' lang='lat' dir='ltr'>magis</span> <span class='ocrx_word' id='word_1_93' title='bbox 872 765 1090 819; x_wconf 79' lang='lat' dir='ltr'>magisque</span> <span class='ocrx_word' id='word_1_94' title='bbox 1120 766 1365 819; x_wconf 89' lang='lat' dir='ltr'>ampliorem</span> <span class='ocrx_word' id='word_1_95' title='bbox 1386 768 1593 808; x_wconf 85' lang='lat' dir='ltr'>ambitum</span> <span class='ocrx_word' id='word_1_96' title='bbox 1614 768 1694 808; x_wconf 85' lang='lat' dir='ltr'>sibi</span> 
     </span>
     <span class='ocr_line' id='line_1_11' title="bbox 89 836 1694 891; baseline 0.002 -15"><span class='ocrx_word' id='word_1_97' title='bbox 89 860 92 863; x_wconf 24' lang='grc' dir='ltr'><strong>Δ</strong></span> <span class='ocrx_word' id='word_1_98' title='bbox 142 836 305 890; x_wconf 73' lang='lat' dir='ltr'>paravit</span> <span class='ocrx_word' id='word_1_99' title='bbox 340 836 393 876; x_wconf 92' lang='lat' dir='ltr'>in</span> <span class='ocrx_word' id='word_1_100' title='bbox 407 836 672 877; x_wconf 86' lang='lat' dir='ltr'>fectionis</span> <span class='ocrx_word' id='word_1_101' title='bbox 709 837 797 876; x_wconf 88' lang='lat' dir='ltr'>des</span> <span class='ocrx_word' id='word_1_102' title='bbox 811 836 851 876; x_wconf 90' lang='lat' dir='ltr'>ti</span> <span class='ocrx_word' id='word_1_103' title='bbox 864 836 1070 876; x_wconf 87' lang='lat' dir='ltr'>tuentis</span> <span class='ocrx_word' id='word_1_104' title='bbox 1104 838 1164 890; x_wconf 89' lang='lat' dir='ltr'>(p.</span> <span class='ocrx_word' id='word_1_105' title='bbox 1191 841 1263 890; x_wconf 73' lang='lat'>48)</span> <span class='ocrx_word' id='word_1_106' title='bbox 1277 870 1287 886; x_wconf 94' lang='lat'>,</span> <span class='ocrx_word' id='word_1_107' title='bbox 1314 853 1419 891; x_wconf 86' lang='lat' dir='ltr'>quae</span> <span class='ocrx_word' id='word_1_108' title='bbox 1449 853 1536 878; x_wconf 90' lang='lat' dir='ltr'>non</span> <span class='ocrx_word' id='word_1_109' title='bbox 1558 839 1694 879; x_wconf 90' lang='lat' dir='ltr'>solum</span> 
     </span>
     <span class='ocr_line' id='line_1_12' title="bbox 142 906 1689 963; baseline 0.001 -16"><span class='ocrx_word' id='word_1_110' title='bbox 142 907 409 962; x_wconf 86' lang='lat' dir='ltr'>amplectitur</span> <span class='ocrx_word' id='word_1_111' title='bbox 432 914 592 956; x_wconf 88' lang='lat' dir='ltr'>tenues,</span> <span class='ocrx_word' id='word_1_112' title='bbox 619 914 666 947; x_wconf 90' lang='lat' dir='ltr'>ut</span> <span class='ocrx_word' id='word_1_113' title='bbox 696 906 741 947; x_wconf 87' lang='lat' dir='ltr'>in</span> <span class='ocrx_word' id='word_1_114' title='bbox 770 907 984 947; x_wconf 85' lang='lat' dir='ltr'>hibernica</span> <span class='ocrx_word' id='word_1_115' title='bbox 1006 907 1235 949; x_wconf 84' lang='lat' dir='ltr'>recentiore</span> <span class='ocrx_word' id='word_1_116' title='bbox 1258 916 1300 948; x_wconf 88' lang='lat' dir='ltr'>et</span> <span class='ocrx_word' id='word_1_117' title='bbox 1333 908 1491 962; x_wconf 88' lang='lat' dir='ltr'>gaelica</span> <span class='ocrx_word' id='word_1_118' title='bbox 1514 911 1574 963; x_wconf 77' lang='lat' dir='ltr'>(p.</span> <span class='ocrx_word' id='word_1_119' title='bbox 1603 912 1689 963; x_wconf 70' lang='lat'>87),</span> 
     </span>
     <span class='ocr_line' id='line_1_13' title="bbox 143 977 1694 1033; baseline 0.001 -15"><span class='ocrx_word' id='word_1_120' title='bbox 143 979 216 1018; x_wconf 87' lang='lat' dir='ltr'>sed</span> <span class='ocrx_word' id='word_1_121' title='bbox 246 978 372 1018; x_wconf 87' lang='lat' dir='ltr'>etiam</span> <span class='ocrx_word' id='word_1_122' title='bbox 392 978 550 1018; x_wconf 88' lang='lat' dir='ltr'>medias</span> <span class='ocrx_word' id='word_1_123' title='bbox 573 986 613 1018; x_wconf 86' lang='lat' dir='ltr'>et</span> <span class='ocrx_word' id='word_1_124' title='bbox 635 977 840 1031; x_wconf 84' lang='lat' dir='ltr'>liquidas,</span> <span class='ocrx_word' id='word_1_125' title='bbox 867 978 974 1019; x_wconf 87' lang='lat' dir='ltr'>solas</span> <span class='ocrx_word' id='word_1_126' title='bbox 1002 978 1203 1032; x_wconf 87' lang='lat' dir='ltr'>aspiratas</span> <span class='ocrx_word' id='word_1_127' title='bbox 1226 987 1267 1020; x_wconf 87' lang='lat' dir='ltr'>et</span> <span class='ocrx_word' id='word_1_128' title='bbox 1288 979 1494 1033; x_wconf 85' lang='lat' dir='ltr'>spirantes</span> <span class='ocrx_word' id='word_1_129' title='bbox 1515 979 1694 1021; x_wconf 85' lang='lat' dir='ltr'>intactas</span> 
     </span>
     <span class='ocr_line' id='line_1_14' title="bbox 142 1048 1695 1103; baseline 0.002 -15"><span class='ocrx_word' id='word_1_130' title='bbox 142 1048 398 1102; x_wconf 86' lang='lat' dir='ltr'>relinquens.</span> <span class='ocrx_word' id='word_1_131' title='bbox 444 1049 651 1103; x_wconf 83' lang='lat' dir='ltr'>Exempla</span> <span class='ocrx_word' id='word_1_132' title='bbox 679 1063 776 1102; x_wconf 85' lang='lat' dir='ltr'>ergo</span> <span class='ocrx_word' id='word_1_133' title='bbox 808 1064 1089 1090; x_wconf 87' lang='lat' dir='ltr'>consonarum</span> <span class='ocrx_word' id='word_1_134' title='bbox 1109 1050 1462 1100; x_wconf 85' lang='lat' dir='ltr'>britannicarum,</span> <span class='ocrx_word' id='word_1_135' title='bbox 1489 1058 1536 1091; x_wconf 92' lang='lat' dir='ltr'>ut</span> <span class='ocrx_word' id='word_1_136' title='bbox 1559 1051 1695 1091; x_wconf 87' lang='lat' dir='ltr'>hiber-</span> 
     </span>
     <span class='ocr_line' id='line_1_15' title="bbox 143 1119 1693 1175; baseline 0.002 -16"><span class='ocrx_word' id='word_1_137' title='bbox 143 1119 357 1169; x_wconf 80' lang='lat' dir='ltr'>nicarum,</span> <span class='ocrx_word' id='word_1_138' title='bbox 398 1127 531 1161; x_wconf 87' lang='lat' dir='ltr'>status</span> <span class='ocrx_word' id='word_1_139' title='bbox 572 1127 658 1160; x_wconf 88' lang='lat' dir='ltr'>tam</span> <span class='ocrx_word' id='word_1_140' title='bbox 698 1119 901 1174; x_wconf 77' lang='lat' dir='ltr'>primitivi</span> <span class='ocrx_word' id='word_1_141' title='bbox 940 1135 1065 1174; x_wconf 84' lang='lat' dir='ltr'>quam</span> <span class='ocrx_word' id='word_1_142' title='bbox 1103 1121 1247 1162; x_wconf 88' lang='lat' dir='ltr'>infecti</span> <span class='ocrx_word' id='word_1_143' title='bbox 1284 1128 1512 1175; x_wconf 85' lang='lat' dir='ltr'>sequentur</span> <span class='ocrx_word' id='word_1_144' title='bbox 1548 1137 1693 1163; x_wconf 88' lang='lat' dir='ltr'>secun-</span> 
     </span>
     <span class='ocr_line' id='line_1_16' title="bbox 141 1191 429 1232; baseline -0.007 -2"><span class='ocrx_word' id='word_1_145' title='bbox 141 1191 243 1230; x_wconf 91' lang='lat' dir='ltr'>dum</span> <span class='ocrx_word' id='word_1_146' title='bbox 264 1191 429 1232; x_wconf 82' lang='lat' dir='ltr'>classes.</span> 
     </span>
    </p>
   </div>
   <div class='ocr_carea' id='block_1_3' title="bbox 773 1341 1057 1394">
    <p class='ocr_par' dir='ltr' id='par_1_4' title="bbox 773 1341 1057 1394">
     <span class='ocr_line' id='line_1_17' title="bbox 773 1341 1057 1394; baseline 0.004 -14"><span class='ocrx_word' id='word_1_147' title='bbox 773 1341 1057 1394; x_wconf 78' lang='lat' dir='ltr'>Liquida.e.</span> 
     </span>
    </p>
   </div>
   <div class='ocr_carea' id='block_1_4' title="bbox 257 1443 1692 1527">
    <p class='ocr_par' dir='ltr' id='par_1_5' title="bbox 257 1443 1692 1527">
     <span class='ocr_line' id='line_1_18' title="bbox 257 1443 1692 1527; baseline 0.002 -20"><span class='ocrx_word' id='word_1_148' title='bbox 257 1443 314 1507; x_wconf 83' lang='lat' dir='ltr'>L</span> <span class='ocrx_word' id='word_1_149' title='bbox 343 1443 421 1507; x_wconf 55' lang='lat' dir='ltr'>BI</span> <span class='ocrx_word' id='word_1_150' title='bbox 447 1444 517 1511; x_wconf 86' lang='lat' dir='ltr'>N</span> <span class='ocrx_word' id='word_1_151' title='bbox 545 1445 630 1509; x_wconf 77' lang='lat' dir='ltr'>R·</span> <span class='ocrx_word' id='word_1_152' title='bbox 700 1470 753 1510; x_wconf 88' lang='lat' dir='ltr'>In</span> <span class='ocrx_word' id='word_1_153' title='bbox 798 1485 823 1509; x_wconf 78' lang='lat' dir='ltr'><strong>v</strong></span> <span class='ocrx_word' id='word_1_154' title='bbox 835 1485 856 1510; x_wconf 91' lang='lat' dir='ltr'>e</span> <span class='ocrx_word' id='word_1_155' title='bbox 868 1478 883 1510; x_wconf 92' lang='lat' dir='ltr'>t</span> <span class='ocrx_word' id='word_1_156' title='bbox 896 1486 924 1510; x_wconf 94' lang='lat' dir='ltr'>u</span> <span class='ocrx_word' id='word_1_157' title='bbox 935 1486 952 1510; x_wconf 91' lang='lat' dir='ltr'>s</span> <span class='ocrx_word' id='word_1_158' title='bbox 969 1470 1038 1511; x_wconf 92' lang='lat' dir='ltr'>tis</span> <span class='ocrx_word' id='word_1_159' title='bbox 1051 1471 1172 1511; x_wconf 89' lang='lat' dir='ltr'>simi</span> <span class='ocrx_word' id='word_1_160' title='bbox 1186 1486 1203 1511; x_wconf 90' lang='lat' dir='ltr'>s</span> <span class='ocrx_word' id='word_1_161' title='bbox 1250 1472 1484 1512; x_wconf 83' lang='lat' dir='ltr'>britannice</span> <span class='ocrx_word' id='word_1_162' title='bbox 1529 1472 1692 1527; x_wconf 62' lang='lat' dir='ltr'>scriptis·</span> 
     </span>
    </p>
   </div>
   <div class='ocr_carea' id='block_1_5' title="bbox 129 1543 1691 2800">
    <p class='ocr_par' dir='ltr' id='par_1_6' title="bbox 140 1543 1691 1669">
     <span class='ocr_line' id='line_1_19' title="bbox 141 1543 1691 1601; baseline 0.004 -20"><span class='ocrx_word' id='word_1_163' title='bbox 141 1543 259 1582; x_wconf 88' lang='lat' dir='ltr'>nulla</span> <span class='ocrx_word' id='word_1_164' title='bbox 289 1543 415 1583; x_wconf 87' lang='lat' dir='ltr'>etiam</span> <span class='ocrx_word' id='word_1_165' title='bbox 445 1552 536 1584; x_wconf 88' lang='lat' dir='ltr'>tum</span> <span class='ocrx_word' id='word_1_166' title='bbox 567 1544 914 1585; x_wconf 78' lang='lat' dir='ltr'>animadvertitur</span> <span class='ocrx_word' id='word_1_167' title='bbox 941 1545 1195 1599; x_wconf 89' lang='lat' dir='ltr'>liquidarum</span> <span class='ocrx_word' id='word_1_168' title='bbox 1224 1546 1418 1595; x_wconf 83' lang='lat' dir='ltr'>infectio,</span> <span class='ocrx_word' id='word_1_169' title='bbox 1454 1562 1589 1601; x_wconf 91' lang='lat' dir='ltr'>neque</span> <span class='ocrx_word' id='word_1_170' title='bbox 1611 1546 1691 1587; x_wconf 80' lang='lat' dir='ltr'>alia</span> 
     </span>
     <span class='ocr_line' id='line_1_20' title="bbox 140 1612 824 1669; baseline 0.006 -18"><span class='ocrx_word' id='word_1_171' title='bbox 140 1612 222 1652; x_wconf 81' lang='lat' dir='ltr'>nisi</span> <span class='ocrx_word' id='word_1_172' title='bbox 243 1614 345 1654; x_wconf 89' lang='lat' dir='ltr'>haec</span> <span class='ocrx_word' id='word_1_173' title='bbox 367 1614 457 1668; x_wconf 87' lang='lat' dir='ltr'>ipsa</span> <span class='ocrx_word' id='word_1_174' title='bbox 479 1616 658 1669; x_wconf 71' lang='lat' dir='ltr'>simplex</span> <span class='ocrx_word' id='word_1_175' title='bbox 679 1616 824 1656; x_wconf 87' lang='lat' dir='ltr'>forma.</span> 
     </span>
    </p>

    <p class='ocr_par' dir='ltr' id='par_1_7' title="bbox 138 1685 1691 1868">
     <span class='ocr_line' id='line_1_21' title="bbox 255 1685 1687 1742; baseline 0.003 -18"><span class='ocrx_word' id='word_1_176' title='bbox 255 1685 324 1725; x_wconf 69' lang='lat' dir='ltr'>(Ia</span> <span class='ocrx_word' id='word_1_177' title='bbox 334 1686 411 1725; x_wconf 90' lang='lat' dir='ltr'>mb</span> <span class='ocrx_word' id='word_1_178' title='bbox 424 1687 566 1726; x_wconf 88' lang='lat' dir='ltr'>ricae</span> <span class='ocrx_word' id='word_1_179' title='bbox 602 1700 742 1726; x_wconf 70' lang='lat' dir='ltr'>voces:</span> <span class='ocrx_word' id='word_1_180' title='bbox 782 1687 923 1726; x_wconf 70' lang='lat' dir='ltr'>ladam</span> <span class='ocrx_word' id='word_1_181' title='bbox 957 1687 1031 1741; x_wconf 90' lang='lat' dir='ltr'>(gl.</span> <span class='ocrx_word' id='word_1_182' title='bbox 1067 1689 1236 1741; x_wconf 86' lang='lat' dir='ltr'>caedo),</span> <span class='ocrx_word' id='word_1_183' title='bbox 1276 1688 1372 1728; x_wconf 75' lang='lat' dir='ltr'>lam·</span> <span class='ocrx_word' id='word_1_184' title='bbox 1405 1688 1480 1742; x_wconf 87' lang='lat' dir='ltr'>(gl.</span> <span class='ocrx_word' id='word_1_185' title='bbox 1517 1688 1687 1741; x_wconf 82' lang='lat' dir='ltr'>solum),</span> 
     </span>
     <span class='ocr_line' id='line_1_22' title="bbox 139 1754 1691 1813; baseline 0.004 -20"><span class='ocrx_word' id='word_1_186' title='bbox 139 1754 278 1795; x_wconf 65' lang='lat' dir='ltr'>Zoilum</span> <span class='ocrx_word' id='word_1_187' title='bbox 301 1756 375 1809; x_wconf 86' lang='lat' dir='ltr'>(gl.</span> <span class='ocrx_word' id='word_1_188' title='bbox 401 1756 608 1810; x_wconf 84' lang='lat' dir='ltr'>frutices),</span> <span class='ocrx_word' id='word_1_189' title='bbox 634 1756 693 1797; x_wconf 73' lang='lat' dir='ltr'>rit</span> <span class='ocrx_word' id='word_1_190' title='bbox 715 1757 789 1810; x_wconf 86' lang='lat' dir='ltr'>(gl.</span> <span class='ocrx_word' id='word_1_191' title='bbox 816 1758 1005 1810; x_wconf 77' lang='lat' dir='ltr'>vadum),</span> <span class='ocrx_word' id='word_1_192' title='bbox 1032 1759 1189 1799; x_wconf 71' lang='lat' dir='ltr'>montol</span> <span class='ocrx_word' id='word_1_193' title='bbox 1215 1759 1290 1813; x_wconf 84' lang='lat' dir='ltr'>(gl.</span> <span class='ocrx_word' id='word_1_194' title='bbox 1317 1758 1494 1812; x_wconf 85' lang='lat' dir='ltr'>trutina)</span> <span class='ocrx_word' id='word_1_195' title='bbox 1517 1758 1561 1798; x_wconf 91' lang='lat' dir='ltr'>in</span> <span class='ocrx_word' id='word_1_196' title='bbox 1582 1759 1691 1812; x_wconf 82' lang='lat' dir='ltr'>glos-</span> 
     </span>
     <span class='ocr_line' id='line_1_23' title="bbox 138 1824 542 1868; baseline 0.01 -4"><span class='ocrx_word' id='word_1_197' title='bbox 138 1824 192 1864; x_wconf 89' lang='lat' dir='ltr'>sis</span> <span class='ocrx_word' id='word_1_198' title='bbox 215 1825 542 1868; x_wconf 83' lang='lat' dir='ltr'>Oxoniensibus.</span> 
     </span>
    </p>

    <p class='ocr_par' dir='ltr' id='par_1_8' title="bbox 135 1898 1689 2079">
     <span class='ocr_line' id='line_1_24' title="bbox 249 1898 1686 1950; baseline 0.003 -14"><span class='ocrx_word' id='word_1_199' title='bbox 249 1898 579 1938; x_wconf 77' lang='lat' dir='ltr'>Armoricae:</span> <span class='ocrx_word' id='word_1_200' title='bbox 619 1899 779 1948; x_wconf 75' lang='lat' dir='ltr'>Laloo,</span> <span class='ocrx_word' id='word_1_201' title='bbox 820 1900 1034 1940; x_wconf 68' lang='lat' dir='ltr'>Lon-emm</span> <span class='ocrx_word' id='word_1_202' title='bbox 1049 1932 1060 1950; x_wconf 93' lang='lat'>,</span> <span class='ocrx_word' id='word_1_203' title='bbox 1112 1901 1398 1950; x_wconf 66' lang='lat' dir='ltr'>Haelmonoc,</span> <span class='ocrx_word' id='word_1_204' title='bbox 1439 1901 1686 1949; x_wconf 71' lang='lat' dir='ltr'>Resmonoc,</span> 
     </span>
     <span class='ocr_line' id='line_1_25' title="bbox 136 1968 1689 2026; baseline 0.002 -17"><span class='ocrx_word' id='word_1_205' title='bbox 136 1968 364 2021; x_wconf 67' lang='lat' dir='ltr'>Riskipoe,</span> <span class='ocrx_word' id='word_1_206' title='bbox 397 1969 567 2018; x_wconf 76' lang='lat' dir='ltr'>Rz&#39;etoc,</span> <span class='ocrx_word' id='word_1_207' title='bbox 600 1969 777 2010; x_wconf 70' lang='lat' dir='ltr'>Ricmau</span> <span class='ocrx_word' id='word_1_208' title='bbox 799 1977 878 2010; x_wconf 90' lang='lat' dir='ltr'>etc.</span> <span class='ocrx_word' id='word_1_209' title='bbox 910 1970 1021 2011; x_wconf 87' lang='lat' dir='ltr'>inter</span> <span class='ocrx_word' id='word_1_210' title='bbox 1049 1971 1221 2012; x_wconf 88' lang='lat' dir='ltr'>nomina</span> <span class='ocrx_word' id='word_1_211' title='bbox 1251 1972 1418 2026; x_wconf 84' lang='lat' dir='ltr'>propria</span> <span class='ocrx_word' id='word_1_212' title='bbox 1445 1972 1689 2012; x_wconf 84' lang='lat' dir='ltr'>chartularii</span> 
     </span>
     <span class='ocr_line' id='line_1_26' title="bbox 135 2039 445 2079; baseline 0 0"><span class='ocrx_word' id='word_1_213' title='bbox 135 2039 445 2079; x_wconf 83' lang='lat' dir='ltr'>RhedonensiS.</span> 
     </span>
    </p>

    <p class='ocr_par' dir='ltr' id='par_1_9' title="bbox 134 2109 1688 2304">
     <span class='ocr_line' id='line_1_27' title="bbox 249 2109 1688 2167; baseline 0.003 -17"><span class='ocrx_word' id='word_1_214' title='bbox 249 2110 381 2150; x_wconf 83' lang='lat' dir='ltr'>Nulla</span> <span class='ocrx_word' id='word_1_215' title='bbox 411 2109 537 2150; x_wconf 88' lang='lat' dir='ltr'>etiam</span> <span class='ocrx_word' id='word_1_216' title='bbox 567 2109 612 2150; x_wconf 93' lang='lat' dir='ltr'>in</span> <span class='ocrx_word' id='word_1_217' title='bbox 635 2111 706 2160; x_wconf 85' lang='lat' dir='ltr'>M,</span> <span class='ocrx_word' id='word_1_218' title='bbox 740 2126 846 2164; x_wconf 87' lang='lat' dir='ltr'>quae</span> <span class='ocrx_word' id='word_1_219' title='bbox 875 2111 1101 2152; x_wconf 85' lang='lat' dir='ltr'>infectione</span> <span class='ocrx_word' id='word_1_220' title='bbox 1131 2111 1372 2152; x_wconf 86' lang='lat' dir='ltr'>recentioris</span> <span class='ocrx_word' id='word_1_221' title='bbox 1393 2112 1564 2167; x_wconf 79' lang='lat' dir='ltr'>linguae</span> <span class='ocrx_word' id='word_1_222' title='bbox 1586 2115 1688 2155; x_wconf 88' lang='lat' dir='ltr'>adeo</span> 
     </span>
     <span class='ocr_line' id='line_1_28' title="bbox 134 2180 1685 2237; baseline 0.003 -18"><span class='ocrx_word' id='word_1_223' title='bbox 134 2181 179 2220; x_wconf 93' lang='lat' dir='ltr'>in</span> <span class='ocrx_word' id='word_1_224' title='bbox 215 2180 346 2220; x_wconf 87' lang='lat' dir='ltr'>alium</span> <span class='ocrx_word' id='word_1_225' title='bbox 382 2194 534 2220; x_wconf 89' lang='lat' dir='ltr'>sonum</span> <span class='ocrx_word' id='word_1_226' title='bbox 571 2181 746 2231; x_wconf 84' lang='lat' dir='ltr'>transit,</span> <span class='ocrx_word' id='word_1_227' title='bbox 778 2181 974 2231; x_wconf 86' lang='lat' dir='ltr'>variatio,</span> <span class='ocrx_word' id='word_1_228' title='bbox 1008 2189 1057 2222; x_wconf 85' lang='lat' dir='ltr'>ut</span> <span class='ocrx_word' id='word_1_229' title='bbox 1086 2183 1266 2236; x_wconf 87' lang='lat' dir='ltr'>probant</span> <span class='ocrx_word' id='word_1_230' title='bbox 1295 2184 1487 2237; x_wconf 77' lang='lat' dir='ltr'>exempla</span> <span class='ocrx_word' id='word_1_231' title='bbox 1514 2192 1577 2225; x_wconf 86' lang='lat' dir='ltr'>sat</span> <span class='ocrx_word' id='word_1_232' title='bbox 1608 2185 1685 2225; x_wconf 87' lang='lat' dir='ltr'>fre-</span> 
     </span>
     <span class='ocr_line' id='line_1_29' title="bbox 135 2250 321 2304; baseline 0 -14"><span class='ocrx_word' id='word_1_233' title='bbox 135 2250 321 2304; x_wconf 86' lang='lat' dir='ltr'>quentia.</span> 
     </span>
    </p>

    <p class='ocr_par' dir='ltr' id='par_1_10' title="bbox 129 2321 1681 2800">
     <span class='ocr_line' id='line_1_30' title="bbox 247 2321 1681 2380; baseline 0.003 -19"><span class='ocrx_word' id='word_1_234' title='bbox 247 2322 280 2362; x_wconf 84' lang='lat' dir='ltr'>C</span> <span class='ocrx_word' id='word_1_235' title='bbox 294 2323 408 2362; x_wconf 90' lang='lat' dir='ltr'>amb</span> <span class='ocrx_word' id='word_1_236' title='bbox 421 2321 497 2362; x_wconf 90' lang='lat' dir='ltr'>ric</span> <span class='ocrx_word' id='word_1_237' title='bbox 511 2337 535 2362; x_wconf 88' lang='lat' dir='ltr'>a</span> <span class='ocrx_word' id='word_1_238' title='bbox 558 2323 604 2362; x_wconf 83' lang='lat' dir='ltr'>M</span> <span class='ocrx_word' id='word_1_239' title='bbox 626 2321 784 2362; x_wconf 79' lang='lat' dir='ltr'>intacta</span> <span class='ocrx_word' id='word_1_240' title='bbox 805 2322 848 2362; x_wconf 91' lang='lat' dir='ltr'>in</span> <span class='ocrx_word' id='word_1_241' title='bbox 872 2322 994 2363; x_wconf 90' lang='lat' dir='ltr'>initio</span> <span class='ocrx_word' id='word_1_242' title='bbox 1011 2323 1144 2363; x_wconf 85' lang='lat' dir='ltr'>vocis:</span> <span class='ocrx_word' id='word_1_243' title='bbox 1172 2323 1246 2364; x_wconf 67' lang='lat' dir='ltr'>hin</span> <span class='ocrx_word' id='word_1_244' title='bbox 1262 2338 1360 2377; x_wconf 78' lang='lat' dir='ltr'>map</span> <span class='ocrx_word' id='word_1_245' title='bbox 1383 2325 1449 2377; x_wconf 85' lang='lat' dir='ltr'>(ut</span> <span class='ocrx_word' id='word_1_246' title='bbox 1470 2325 1601 2379; x_wconf 88' lang='lat' dir='ltr'>filius)</span> <span class='ocrx_word' id='word_1_247' title='bbox 1624 2327 1681 2380; x_wconf 90' lang='lat' dir='ltr'>gl.</span> 
     </span>
     <span class='ocr_line' id='line_1_31' title="bbox 134 2392 1680 2450; baseline 0.003 -18"><span class='ocrx_word' id='word_1_248' title='bbox 134 2393 273 2433; x_wconf 81' lang='lat' dir='ltr'>Oxon.</span> <span class='ocrx_word' id='word_1_249' title='bbox 288 2409 298 2441; x_wconf 79' lang='lat'>3</span> <span class='ocrx_word' id='word_1_250' title='bbox 333 2392 378 2433; x_wconf 91' lang='lat' dir='ltr'>in</span> <span class='ocrx_word' id='word_1_251' title='bbox 400 2392 662 2447; x_wconf 90' lang='lat' dir='ltr'>compositis:</span> <span class='ocrx_word' id='word_1_252' title='bbox 700 2393 888 2447; x_wconf 67' lang='lat' dir='ltr'>digsatma</span> <span class='ocrx_word' id='word_1_253' title='bbox 911 2394 986 2447; x_wconf 87' lang='lat' dir='ltr'>(gl.</span> <span class='ocrx_word' id='word_1_254' title='bbox 1013 2396 1148 2447; x_wconf 87' lang='lat' dir='ltr'>area),</span> <span class='ocrx_word' id='word_1_255' title='bbox 1175 2394 1418 2449; x_wconf 60' lang='lat' dir='ltr'>de&#39;ycctonaou</span> <span class='ocrx_word' id='word_1_256' title='bbox 1448 2397 1523 2450; x_wconf 82' lang='lat' dir='ltr'>(gl.</span> <span class='ocrx_word' id='word_1_257' title='bbox 1550 2397 1680 2449; x_wconf 88' lang='lat' dir='ltr'>circi),</span> 
     </span>
     <span class='ocr_line' id='line_1_32' title="bbox 129 2463 1679 2521; baseline 0.003 -18"><span class='ocrx_word' id='word_1_258' title='bbox 129 2463 405 2518; x_wconf 66' lang='lat' dir='ltr'>qecaroz&#39;maou</span> <span class='ocrx_word' id='word_1_259' title='bbox 442 2464 516 2517; x_wconf 84' lang='lat' dir='ltr'>(gl.</span> <span class='ocrx_word' id='word_1_260' title='bbox 545 2464 750 2516; x_wconf 84' lang='lat' dir='ltr'>theatra),</span> <span class='ocrx_word' id='word_1_261' title='bbox 787 2464 1140 2518; x_wconf 68' lang='lat' dir='ltr'>yzcordz&#39;minnaus</span> <span class='ocrx_word' id='word_1_262' title='bbox 1177 2466 1253 2519; x_wconf 73' lang='lat' dir='ltr'>(gl.</span> <span class='ocrx_word' id='word_1_263' title='bbox 1286 2465 1444 2506; x_wconf 85' lang='lat' dir='ltr'>invitus</span> <span class='ocrx_word' id='word_1_264' title='bbox 1457 2483 1468 2515; x_wconf 82' lang='lat'>3</span> <span class='ocrx_word' id='word_1_265' title='bbox 1504 2467 1679 2521; x_wconf 54' lang='lat' dir='ltr'>cli-m),</span> 
     </span>
     <span class='ocr_line' id='line_1_33' title="bbox 133 2533 1681 2590; baseline 0.003 -17"><span class='ocrx_word' id='word_1_266' title='bbox 133 2533 325 2573; x_wconf 61' lang='lat' dir='ltr'>hemmam</span> <span class='ocrx_word' id='word_1_267' title='bbox 349 2534 476 2587; x_wconf 81' lang='lat' dir='ltr'>(avia)</span> <span class='ocrx_word' id='word_1_268' title='bbox 498 2535 556 2588; x_wconf 82' lang='lat' dir='ltr'>gl.</span> <span class='ocrx_word' id='word_1_269' title='bbox 578 2535 718 2575; x_wconf 79' lang='lat' dir='ltr'>Oxon.</span> <span class='ocrx_word' id='word_1_270' title='bbox 755 2536 808 2575; x_wconf 92' lang='lat' dir='ltr'>In</span> <span class='ocrx_word' id='word_1_271' title='bbox 824 2535 962 2575; x_wconf 89' lang='lat' dir='ltr'>medio</span> <span class='ocrx_word' id='word_1_272' title='bbox 980 2549 1129 2575; x_wconf 90' lang='lat' dir='ltr'>vocum</span> <span class='ocrx_word' id='word_1_273' title='bbox 1146 2543 1263 2576; x_wconf 85' lang='lat' dir='ltr'>extra</span> <span class='ocrx_word' id='word_1_274' title='bbox 1279 2536 1551 2590; x_wconf 86' lang='lat' dir='ltr'>positionem:</span> <span class='ocrx_word' id='word_1_275' title='bbox 1579 2553 1681 2578; x_wconf 80' lang='lat' dir='ltr'>eme-</span> 
     </span>
     <span class='ocr_line' id='line_1_34' title="bbox 134 2604 1680 2660; baseline 0.004 -18"><span class='ocrx_word' id='word_1_276' title='bbox 134 2604 215 2643; x_wconf 70' lang='lat' dir='ltr'>&lt;lou</span> <span class='ocrx_word' id='word_1_277' title='bbox 237 2604 311 2656; x_wconf 84' lang='lat' dir='ltr'>(gl.</span> <span class='ocrx_word' id='word_1_278' title='bbox 333 2607 460 2657; x_wconf 86' lang='lat' dir='ltr'>aera),</span> <span class='ocrx_word' id='word_1_279' title='bbox 482 2605 827 2658; x_wconf 68' lang='lat' dir='ltr'>yzcodez&#39;misauch</span> <span class='ocrx_word' id='word_1_280' title='bbox 851 2606 1134 2660; x_wconf 83' lang='lat' dir='ltr'>(sustulistis),</span> <span class='ocrx_word' id='word_1_281' title='bbox 1151 2606 1326 2647; x_wconf 71' lang='lat' dir='ltr'>dometio</span> <span class='ocrx_word' id='word_1_282' title='bbox 1343 2607 1578 2660; x_wconf 82' lang='lat' dir='ltr'>(domitus),</span> <span class='ocrx_word' id='word_1_283' title='bbox 1595 2623 1680 2648; x_wconf 77' lang='lat' dir='ltr'>cre-</span> 
     </span>
     <span class='ocr_line' id='line_1_35' title="bbox 132 2674 1676 2731; baseline 0.005 -19"><span class='ocrx_word' id='word_1_284' title='bbox 132 2687 228 2712; x_wconf 74' lang='lat' dir='ltr'>man</span> <span class='ocrx_word' id='word_1_285' title='bbox 253 2675 269 2719; x_wconf 87' lang='grc'><strong>(</strong></span> <span class='ocrx_word' id='word_1_286' title='bbox 271 2674 328 2726; x_wconf 84' lang='lat' dir='ltr'>gl.</span> <span class='ocrx_word' id='word_1_287' title='bbox 344 2675 511 2728; x_wconf 84' lang='lat' dir='ltr'>baxus),</span> <span class='ocrx_word' id='word_1_288' title='bbox 528 2675 736 2728; x_wconf 68' lang='lat' dir='ltr'>plumam</span> <span class='ocrx_word' id='word_1_289' title='bbox 761 2677 1011 2730; x_wconf 85' lang='lat' dir='ltr'>(pulvinar),</span> <span class='ocrx_word' id='word_1_290' title='bbox 1036 2677 1170 2718; x_wconf 73' lang='lat' dir='ltr'>nimer</span> <span class='ocrx_word' id='word_1_291' title='bbox 1193 2678 1431 2730; x_wconf 88' lang='lat' dir='ltr'>(numerus)</span> <span class='ocrx_word' id='word_1_292' title='bbox 1452 2679 1510 2731; x_wconf 87' lang='lat' dir='ltr'>gl.</span> <span class='ocrx_word' id='word_1_293' title='bbox 1537 2679 1676 2719; x_wconf 86' lang='lat' dir='ltr'>Oxon.</span> 
     </span>
     <span class='ocr_line' id='line_1_36' title="bbox 132 2742 1676 2800; baseline 0.005 -18"><span class='ocrx_word' id='word_1_294' title='bbox 132 2742 291 2792; x_wconf 67' lang='lat' dir='ltr'>Nimet,</span> <span class='ocrx_word' id='word_1_295' title='bbox 307 2744 467 2794; x_wconf 76' lang='lat' dir='ltr'>Dimet,</span> <span class='ocrx_word' id='word_1_296' title='bbox 483 2746 645 2795; x_wconf 77' lang='lat' dir='ltr'>Dzmm,</span> <span class='ocrx_word' id='word_1_297' title='bbox 669 2747 893 2788; x_wconf 55' lang='lat' dir='ltr'>Gm’d‘emm</span> <span class='ocrx_word' id='word_1_298' title='bbox 911 2748 1102 2800; x_wconf 78' lang='lat' dir='ltr'>(nomina</span> <span class='ocrx_word' id='word_1_299' title='bbox 1121 2747 1323 2800; x_wconf 85' lang='lat' dir='ltr'>Virorum)</span> <span class='ocrx_word' id='word_1_300' title='bbox 1343 2748 1501 2788; x_wconf 90' lang='lat' dir='ltr'>Chron.</span> <span class='ocrx_word' id='word_1_301' title='bbox 1522 2751 1676 2790; x_wconf 88' lang='lat' dir='ltr'>cambr.</span> 
     </span>
    </p>
   </div>
   <div class='ocr_carea' id='block_1_6' title="bbox 133 2813 1686 2925">
    <p class='ocr_par' dir='ltr' id='par_1_11' title="bbox 133 2813 1686 2925">
     <span class='ocr_line' id='line_1_37' title="bbox 133 2813 1686 2872; baseline 0.005 -20"><span class='ocrx_word' id='word_1_302' title='bbox 133 2813 178 2853; x_wconf 90' lang='lat' dir='ltr'>in</span> <span class='ocrx_word' id='word_1_303' title='bbox 206 2814 337 2867; x_wconf 82' lang='lat' dir='ltr'>praef.</span> <span class='ocrx_word' id='word_1_304' title='bbox 370 2816 422 2854; x_wconf 88' lang='lat' dir='ltr'>ad</span> <span class='ocrx_word' id='word_1_305' title='bbox 453 2816 517 2855; x_wconf 89' lang='lat' dir='ltr'>ed.</span> <span class='ocrx_word' id='word_1_306' title='bbox 544 2817 671 2871; x_wconf 86' lang='lat' dir='ltr'>Leg.;</span> <span class='ocrx_word' id='word_1_307' title='bbox 706 2817 751 2857; x_wconf 92' lang='lat' dir='ltr'>in</span> <span class='ocrx_word' id='word_1_308' title='bbox 779 2818 1009 2872; x_wconf 88' lang='lat' dir='ltr'>positione:</span> <span class='ocrx_word' id='word_1_309' title='bbox 1044 2819 1203 2861; x_wconf 79' lang='lat' dir='ltr'>celmed</span> <span class='ocrx_word' id='word_1_310' title='bbox 1228 2818 1303 2872; x_wconf 84' lang='lat' dir='ltr'>(gl.</span> <span class='ocrx_word' id='word_1_311' title='bbox 1330 2818 1518 2871; x_wconf 79' lang='lat' dir='ltr'>efficax),</span> <span class='ocrx_word' id='word_1_312' title='bbox 1550 2821 1686 2860; x_wconf 63' lang='lat' dir='ltr'>cermel</span> 
     </span>
     <span class='ocr_line' id='line_1_38' title="bbox 196 2881 1402 2925; baseline 0.009 -11"><span class='ocrx_word' id='word_1_313' title='bbox 196 2889 279 2915; x_wconf 76' lang='lat' dir='ltr'>voL.</span> <span class='ocrx_word' id='word_1_314' title='bbox 301 2881 330 2914; x_wconf 93' lang='lat' dir='ltr'>I.</span> <span class='ocrx_word' id='word_1_315' title='bbox 1381 2891 1402 2925; x_wconf 84' lang='grc'>9</span> 
     </span>
    </p>
   </div>
  </div>
 </body>
</html>
