1897 3072
199 47 250 87 48
643 49 680 87 Ι.
725 53 761 86 1.
825 59 1047 88 CONSONAE
1073 61 1291 88 eELTmAE.

311 161 454 202 Status
477 159 698 215 aspiratus,
724 161 876 210 mollis,
901 161 967 201 vel
988 161 1156 201 infectio
1179 161 1372 216 aspirata,
1397 163 1548 213 mollis,
1570 163 1739 205 infectio

195 245 473 272 consonarum
494 231 673 285 propria,
698 246 796 285 prae
818 231 978 281 ceteris,
1004 232 1085 272 diei
1105 232 1282 286 poterit3
1314 233 1415 273 haec
1437 241 1499 273 est
1521 234 1647 275 etiam
1667 237 1737 276 ad-

194 302 277 342 huc
299 301 424 341 unica
444 301 527 341 fere
550 302 669 342 obvia
691 302 735 342 in
756 302 932 342 vetustis
954 303 1164 343 codicibus
1185 303 1424 344 hibernicis.
1465 305 1622 345 Contra
1642 321 1735 360 pro-

192 372 504 412 nuntiationem
535 372 766 412 molliorem
797 372 946 412 harum
977 387 1255 413 consonarum
1285 373 1509 415 infectione
1531 384 1734 429 correpta-

191 457 286 482 rum
317 442 477 482 codices
508 442 712 482 hibernici
740 450 897 483 veteres
930 444 1065 484 solent
1086 451 1229 484 notare
1250 445 1638 497 pronuntiationem
1659 447 1733 486 du-

190 513 340 553 riorem
372 520 504 552 status
536 512 722 566 primarii
758 513 1056 567 scriptione
1092 514 1312 568 duplice
1342 529 1620 556 consonarum
1647 531 1734 557 non

190 583 438 623 infectarum
461 583 521 635 (in
545 583 631 623 solo
655 584 727 637 Sg.
754 598 792 623 m
822 584 941 638 signo
962 585 1208 638 plerumque
1230 592 1399 625 notatur
1420 586 1730 639 duplicationis,

189 654 343 694 lineola
372 653 528 693 scilicet
559 655 834 708 supraducta,
870 655 913 695 in
942 655 1034 695 aliis
1065 663 1207 696 autem
1235 656 1445 696 codicibus
1477 663 1518 696 et
1549 656 1650 696 haec
1671 656 1735 697 bis

190 724 417 777 scribitur),
443 724 569 764 etiam
597 725 641 764 in
662 725 891 779 positione,
925 734 973 766 ut
994 726 1153 780 patebit
1174 741 1195 765 e
1216 726 1407 780 plurimis
1430 726 1536 766 infra
1561 741 1734 780 sequen-

189 795 300 835 tibus
323 795 546 849 exemplis,
584 796 773 849 quamvis
795 811 880 836 non
903 797 947 836 in
968 812 1234 837 communem
1255 812 1381 837 usum
1401 804 1526 850 atque
1547 797 1734 851 regulam

188 866 400 906 transierit
421 881 469 906 ea
491 866 674 920 scriptio.

304 937 414 976 Sunt
451 945 491 977 et
527 937 632 977 aliae
662 940 866 991 quaedam
902 955 1181 980 consonarum
1217 939 1461 980 infectiones
1492 938 1535 978 in
1569 945 1734 978 vetusta

186 1007 353 1061 lingua,
390 1008 462 1047 sed
491 1022 756 1061 nequaquam
780 1010 886 1050 tanti
908 1011 1090 1051 ambitus
1105 1044 1115 1060 ,
1150 1018 1355 1064 quantum
1378 1017 1584 1063 occupant
1606 1009 1649 1049 in
1671 1023 1733 1048 re-

185 1078 381 1118 centiore.
438 1079 458 1118 Ϊ
470 1094 499 1118 11
510 1079 556 1118 fe
570 1096 590 1119 c
604 1079 643 1119 ti
656 1094 678 1119 0
691 1079 742 1118 ni
756 1094 773 1119 s
818 1095 846 1120 n
858 1096 879 1120 a
894 1096 911 1120 s
924 1082 1028 1121 alis
1059 1082 1179 1122 initia
1209 1081 1298 1134 jam
1334 1079 1651 1133 conspiciuntur
1687 1079 1732 1118 in

183 1148 359 1188 vetustis
387 1149 534 1202 glossis
565 1149 789 1190 hibernicis
821 1158 860 1190 et
883 1152 1121 1201 cambricis,
1158 1167 1254 1191 cum
1276 1167 1296 1191 e
1327 1166 1388 1205 gr.
1415 1150 1609 1190 scribitur
1640 1149 1726 1190 hib.

183 1218 306 1258 imme
318 1251 329 1268 ,
366 1219 486 1268 imm,
521 1235 594 1273 pro
633 1220 736 1260 imbe
766 1223 936 1271 (vetust.
970 1223 1069 1275 gall.
1103 1223 1231 1274 ambi)
1245 1255 1256 1271 ,
1293 1230 1333 1262 et
1369 1222 1524 1261 cambr.
1551 1236 1619 1260 am
1657 1222 1731 1273 (z

182 1292 311 1343 amm)
325 1322 336 1338 ,
372 1298 533 1330 mutata
561 1291 582 1330 b
605 1291 648 1330 in
672 1306 725 1331 m.
772 1293 958 1332 Maxime
980 1293 1153 1332 dilatata
1175 1293 1389 1333 invenitur
1410 1292 1453 1331 in
1474 1290 1725 1340 britannica,

179 1360 422 1414 praesertim
445 1361 648 1401 cambrica
670 1363 897 1403 recentiore
919 1371 959 1403 et
981 1364 1195 1413 hodierna,
1222 1371 1268 1403 111
1290 1370 1329 1403 01
1352 1363 1395 1403 111
1417 1362 1631 1402 hibernica
1652 1362 1724 1401 ho-

181 1431 325 1471 dierna
346 1439 385 1472 et
406 1432 563 1485 gaelica
576 1464 586 1480 ,
620 1433 670 1471 in
683 1433 757 1472 fec
770 1433 840 1472 tio
877 1435 935 1473 (10
948 1448 964 1473 s
977 1433 1114 1473 111110
1127 1449 1155 1474 11
1169 1448 1201 1474 s.
1225 1435 1371 1474 -IIanc
1395 1433 1565 1473 omnino
1587 1432 1724 1473 adhue

178 1502 343 1556 ignorat
375 1503 521 1555 lingua
550 1511 713 1543 vetusta
735 1503 970 1553 hibernica,
1003 1504 1047 1544 in
1069 1519 1152 1557 qua
1179 1511 1277 1544 sunt
1309 1519 1428 1544 voces
1458 1518 1493 1544 e.
1519 1518 1581 1557 gr.
1607 1518 1720 1553 (zeus,

179 1588 300 1613 aecus
324 1575 448 1627 (part.
470 1582 525 1623 et,
547 1575 679 1614 subst.
701 1574 926 1627 vicinitas),
949 1581 1095 1615 erotem
1117 1576 1271 1628 (fides),
1294 1576 1355 1615 ee't
1376 1576 1599 1627 (0011111111),
1620 1589 1726 1628 quae

178 1644 301 1685 hodie
333 1644 573 1684 scribuntur
605 1660 733 1698 assem,
769 1646 955 1694 eredem,
993 1646 1107 1685 ce'acl.
1160 1647 1249 1686 Nec
1279 1653 1468 1686 vetustae
1497 1645 1725 1685 cambricae

176 1714 337 1767 glossae
352 1715 441 1767 jani
464 1715 702 1755 destituunt
725 1722 870 1755 tenues
893 1715 937 1755 in
958 1716 1130 1764 medias,
1152 1717 1222 1755 sed
1245 1716 1431 1755 scribunt
1449 1716 1585 1756 adhuc
1602 1730 1637 1755 e.
1659 1730 1721 1767 gr.

178 1785 395 1825 lom‘eleetie
418 1785 704 1839 (pellucidus),
737 1786 885 1825 eastoe'r
907 1787 1100 1839 (pubes),
1134 1787 1191 1826 rit
1212 1788 1384 1839 (vadum
1398 1803 1407 1834 3
1434 1787 1485 1826 cf.
1510 1787 1723 1840 Augusto-

175 1855 324 1904 ritum,
352 1856 516 1896 Galliae
538 1856 779 1910 oppidum),
815 1871 910 1909 mal)
935 1857 1099 1909 (filius),
1136 1857 1225 1910 erip
1257 1858 1458 1910 (pecten),
1495 1872 1600 1910 quae
1622 1864 1722 1896 sunt

176 1926 298 1967 hodie
321 1926 619 1981 llyzcyelcediq,
655 1928 798 1976 cedor,
826 1929 930 1982 ryd,
956 1928 1073 1977 mab,
1101 1928 1201 1967 crib.
1248 1928 1302 1967 Et
1330 1927 1456 1980 hujus
1487 1934 1627 1967 tamen
1659 1926 1721 1966 in-

174 1997 364 2037 fectionis
396 1997 517 2037 initia
559 2005 623 2038 sat
651 2005 816 2038 vetusta
845 2012 933 2038 esse
963 1999 1221 2038 demonstrat
1252 2014 1337 2038 non
1365 1998 1500 2038 solum
1531 1997 1667 2037 media
1694 2012 1723 2051 9

173 2068 325 2108 finiens
360 2068 524 2122 saepius
547 2083 721 2108 excussa
744 2068 981 2123 (destituta)
1004 2069 1046 2108 in
1071 2069 1217 2109 iisdem
1238 2068 1386 2122 glossis
1408 2067 1645 2117 cambricis,
1680 2075 1721 2108 et

174 2146 259 2178 tam
280 2139 431 2178 finiens
455 2154 580 2193 quain
602 2139 766 2179 interna
783 2140 826 2180 in
844 2140 1013 2180 vocibus
1031 2139 1200 2193 linguae
1217 2154 1411 2179 romanae
1427 2138 1601 2193 gallicae
1618 2139 1720 2178 adeo

171 2208 483 2258 vetustioribus,
499 2211 570 2249 sed
588 2209 714 2249 etiarn
734 2212 925 2250 tenuium
942 2211 1126 2265 ipsarum
1143 2210 1360 2250 destitutio
1378 2209 1498 2249 obvia
1514 2209 1558 2249 in
1575 2209 1719 2249 eadem

171 2278 317 2332 lingua
338 2279 487 2332 gallica
509 2295 609 2320 aevo
631 2288 790 2321 certum
813 2282 1078 2335 carolingico,
1105 2282 1149 2321 in
1171 2281 1381 2321 codicibus
1404 2280 1561 2320 scilicet
1588 2286 1718 2319 terrae

171 2349 425 2389 continentis
462 2350 550 2403 ejus
588 2351 677 2391 aevi
714 2352 779 2392 vel
816 2352 942 2392 etiam
966 2353 1055 2405 jam
1085 2352 1247 2405 prioris,
1294 2350 1498 2403 Exempla
1526 2349 1634 2390 infra
1655 2364 1716 2389 se-

171 2427 354 2474 quentur
375 2420 419 2460 in
442 2420 571 2461 classe
592 2422 826 2463 mediarum
847 2431 887 2463 et
910 2422 1102 2463 tenuium
1123 2421 1466 2462 britannicarum.

283 2490 521 2531 Dicendum
544 2507 659 2531 nunc
680 2493 863 2546 primum
884 2494 935 2533 de
957 2500 1109 2533 natura
1130 2500 1171 2532 et
1192 2491 1416 2532 infectione
1438 2504 1717 2530 consonarum

168 2561 411 2615 praesertim
441 2561 700 2603 internarum
737 2571 777 2603 et
811 2563 1052 2604 finientium
1085 2564 1153 2616 (de
1192 2561 1385 2602 consonis
1416 2560 1714 2615 incipientibus

168 2647 287 2672 voces
309 2632 353 2672 in
376 2640 575 2686 sequente
597 2633 766 2686 capite),
793 2634 1024 2674 secundum
1046 2633 1235 2673 ordinem
1256 2632 1467 2681 classium,
1499 2631 1597 2685 quia,
1619 2646 1714 2672 con—

169 2716 294 2742 sonae
315 2702 517 2757 cujusque
536 2703 678 2744 classis
695 2703 941 2758 plerumque
958 2705 1211 2744 concordant
1227 2703 1336 2743 int-er
1353 2717 1395 2743 se
1412 2702 1455 2742 in
1473 2702 1711 2743 infectione.
