1897 3072
178 73 256 112 166
478 71 515 111 Ι.
556 76 592 110 1.
655 84 878 111 (ῸΝΞΟΝΑΕ
901 83 1199 111 BRiTANNICAE
1221 84 1408 111 MEDIAE.

176 186 320 226 eadem
348 198 447 224 voce
472 183 676 233 arc'lzcmt,
702 198 809 237 quae
831 183 892 224 c’lz
915 184 1016 223 adeo
1038 183 1200 224 obtinet
1220 198 1295 238 pro
1316 183 1471 225 infecta
1487 199 1516 239 9
1536 184 1581 225 in
1603 184 1724 226 initio

175 270 340 296 vocum.
386 254 640 295 Inchoantes
665 269 786 295 voces
808 262 926 294 extra
946 253 1217 294 infectionem
1237 269 1312 309 pro
1330 270 1358 309 9
1380 255 1649 309 scriptionem
1666 270 1725 310 qu

177 325 380 366 exhibent
400 325 445 365 in
467 324 606 365 Buh.:
632 340 683 365 ne
700 325 883 379 yuallaf
906 326 1010 377 (non
1030 340 1204 379 possum
1217 342 1228 373 3
1254 325 1345 379 lege
1363 326 1533 380 qallaf)
1558 330 1626 375 56,
1655 330 1721 365 13.

177 410 271 436 mar
288 395 499 450 quellomp
522 395 575 448 (si
595 410 821 450 possumus
833 412 844 444 3
875 395 1074 449 yellomp)
1099 400 1166 445 86,
1194 401 1234 436 4.
1259 410 1352 436 maz
1371 395 1531 451 quillvf
1544 398 1611 450 (ut
1631 410 1724 450 pos—

176 467 272 520 sim)
296 471 363 516 44,
388 469 453 506 12.
474 471 538 506 19.
561 466 730 520 qecelecet
750 467 934 518 (vocate3
960 466 1041 520 leg.
1065 467 1220 521 qelaet)
1248 471 1341 515 156,
1360 469 1427 506 26.
1449 470 1612 520 quenbzc
1635 468 1721 519 (0s3

175 538 204 577 l.
226 539 378 592 9εηοῑι)
405 541 471 585 66,
501 539 539 577 2.
569 541 662 585 166,
693 541 757 576 15.
779 552 884 591 quer
906 539 1019 591 (vox,
1044 538 1240 585 verbum3
1264 539 1357 591 yer‘)
1379 537 1436 590 fq.

290 608 464 648 Deletae
482 622 510 661 9
532 607 805 647 destitutione
822 607 866 647 in
882 607 1019 648 medjo
1037 615 1078 648 et
1094 609 1177 647 fine
1195 607 1387 660 exempla
1404 621 1425 646 e
1448 607 1560 647 Buh.
1578 622 1587 647 :
1613 621 1725 647 maes

177 682 386 733 (campus)
411 681 478 726 28,
508 682 572 717 17.
605 677 733 732 dleaf
747 679 954 731 (debere),
981 679 1088 719 dleet
1109 679 1311 732 (debitus)
1333 678 1390 731 fq.
1426 678 1615 731 cllelaemp
1639 679 1726 731 (de-

175 751 345 797 bemus3
381 748 434 789 cf.
459 747 624 788 hibern.
648 756 732 788 vet.
770 748 933 802 clliyecl,
960 747 1166 801 debitum)
1192 752 1258 797 22,
1288 753 1353 788 15.
1391 748 1444 797 ti,
1472 754 1512 803 ty
1540 748 1725 800 (domus)

176 820 233 874 fq.
261 820 331 860 bro
355 820 499 872 (terra)
521 818 578 872 fq.
606 824 672 859 tra
696 818 872 871 (miser),
900 825 1028 867 truez,
1057 824 1200 858 traam
1221 818 1421 871 (miseria)
1444 818 1500 871 fq.
1537 819 1572 858 E
1594 817 1726 858 latino

177 896 454 931 transsumta:
481 889 636 943 renaff
656 891 865 942 (regnare)
893 894 958 938 78,
987 894 1025 929 3.
1057 889 1148 929 reol
1167 890 1346 943 (regula)
1371 892 1438 938 20,
1471 893 1533 929 16.
1563 891 1656 936 142,
1684 892 1723 927 5.

176 961 242 1001 sin
266 960 472 1013 (signum)
501 963 593 1008 120,
622 964 659 999 3.
686 960 759 999 din
782 959 973 1013 (dignus)
998 963 1065 1008 82,
1096 964 1160 999 13.

290 1031 575 1070 Excussarum
604 1029 861 1078 mediarum,
886 1030 1130 1083 praesertim
1157 1045 1200 1084 9,
1225 1029 1270 1069 111
1292 1030 1462 1070 vocibus
1485 1036 1526 1069 et
1546 1028 1727 1069 nomini-

176 1103 254 1141 bus
276 1100 437 1155 gallicis
467 1107 693 1140 occurrunt
711 1100 801 1153 jam
822 1107 988 1140 vetusta
1009 1100 1200 1154 exempla
1221 1101 1333 1153 apud
1355 1100 1573 1154 scriptores
1596 1107 1728 1139 terrae

177 1171 447 1212 continentis.
492 1171 637 1211 Nolim
659 1171 827 1224 quidem
849 1170 989 1223 urgeri
1010 1172 1122 1224 apud
1144 1170 1431 1224 Hesychium:
1459 1167 1728 1222 λειούσματα

176 1238 204 1299 ἢ
232 1239 507 1298 λεγούσματα
538 1235 657 1289 εἶδος
684 1238 1008 1298 καταφράκτου.
1034 1238 1252 1291 Γαλάται,
1285 1242 1349 1280 ed.
1374 1241 1538 1280 Alberti
1562 1244 1600 1289 2,
1628 1244 1724 1289 442,

178 1314 243 1354 vel
273 1328 427 1353 nomen
450 1311 697 1365 Tolistoboji
729 1313 841 1365 apud
864 1312 1056 1360 Livium,
1084 1312 1194 1364 quod
1225 1311 1366 1351 Plinio
1396 1318 1437 1351 et
1464 1311 1635 1352 Graecis
1666 1318 1730 1351 est

178 1383 460 1437 Tolistobogi,
491 1382 789 1435 Tolistobogii,
823 1397 921 1422 cum
950 1382 1059 1422 male
1091 1382 1235 1422 audita
1264 1382 1366 1422 haec
1396 1396 1483 1422 esse
1511 1382 1674 1435 possint
1705 1396 1729 1422 a

177 1454 422 1509 peregrinis.
483 1453 669 1494 Certiora
707 1459 807 1492 sunt
842 1452 1033 1506 exempla
1069 1467 1189 1493 voces
1225 1452 1400 1506 gallicae
1435 1459 1652 1507 certraqus
1688 1461 1730 1493 et

179 1526 314 1580 leuqcc.
361 1524 447 1568 Qui
478 1524 631 1564 dicitur
659 1524 773 1577 apud
795 1523 1035 1562 Martialem
1060 1528 1132 1572 14,
1161 1527 1263 1563 200:
1295 1529 1512 1577 vertrayecs
1542 1538 1634 1563 acer
1664 1525 1730 1576 (ut

178 1597 333 1649 legitur
364 1596 408 1635 in
436 1595 674 1643 codicibus,
709 1594 753 1634 in
784 1593 905 1633 editis
937 1594 1045 1633 malo
1074 1596 1309 1648 vertctqus),
1344 1609 1370 1634 a
1401 1601 1510 1634 recte
1542 1600 1730 1647 correpta

179 1669 231 1708 ob
261 1666 606 1720 compositionem
642 1679 663 1705 c
692 1665 780 1704 rad.
818 1671 910 1718 trag]
940 1666 999 1717 (p.
1028 1669 1049 1703 6
1081 1672 1125 1717 et
1152 1668 1249 1718 45),
1286 1679 1467 1718 quocum
1497 1665 1603 1704 bene
1632 1678 1728 1703 con-

180 1738 322 1778 cordat
342 1737 546 1777 Arrianus
583 1737 633 1775 de
667 1734 912 1783 venatione,
947 1734 1014 1773 cui
1044 1742 1330 1775 memorantur
1359 1732 1580 1782 ποδώκεις
1607 1731 1731 1782 κύνες

181 1803 511 1863 οὐέρτραγοι
549 1800 639 1846 ἀπὸ
668 1806 744 1861 τῆς
772 1799 1010 1859 ὠκύτητος,
1044 1820 1134 1858 cap.
1163 1810 1201 1855 3,
1227 1813 1289 1846 est
1310 1805 1480 1858 quidem
1503 1805 1594 1858 jam
1617 1805 1730 1857 apud

181 1878 380 1920 Gratium
407 1878 452 1917 in
474 1876 729 1931 Cynegetico
760 1874 977 1924 ‹verm-alea,
1010 1876 1081 1915 sed
1109 1876 1249 1916 minus
1279 1883 1470 1916 accurate
1501 1876 1552 1915 ob
1583 1890 1608 1915 a
1636 1889 1729 1928 pro-

181 1951 352 1990 ductam
383 1956 424 1989 et
452 1948 479 1989 Ιι
508 1962 582 2002 pro
610 1962 653 2002 9.
699 1946 783 1988 Ubi
808 1953 950 1986 autem
971 1945 1124 1986 iterum
1146 1947 1316 1987 auditur
1337 1962 1438 1995 vox,
1465 1946 1562 1986 inde
1585 1960 1608 1986 a
1629 1944 1730 1998 legi-

180 2022 281 2069 bus,
310 2019 468 2068 Salica,
495 2017 781 2072 Burgundica,
807 2017 851 2057 in
882 2017 1030 2071 glossis
1052 2017 1179 2057 medii
1200 2017 1305 2067 aevi,
1331 2024 1556 2058 occurrunt
1575 2016 1730 2056 formae

180 2092 336 2140 velera,
362 2091 569 2139 veltraus,
595 2088 763 2137 celcris,
797 2087 969 2137 veltrix,
994 2088 1121 2128 velter
1157 2089 1273 2141 (gall.
1308 2088 1405 2128 hod.
1445 2088 1634 2134 viautre;
1673 2085 1725 2125 cf.

181 2161 391 2215 Cangium
415 2176 447 2201 s.
468 2176 526 2209 v.,
553 2167 593 2200 et
615 2159 765 2201 Graffii
788 2159 894 2199 thes.
920 2158 1024 2212 ling.
1050 2174 1180 2212 germ.
1212 2164 1247 2208 1,
1272 2162 1386 2212 626),
1412 2159 1548 2199 deleta
1568 2171 1665 2211 ergo
1683 2172 1726 2210 9,

181 2240 222 2273 et
257 2247 280 2272 7·
315 2239 477 2272 mutata
506 2232 551 2271 in
583 2231 611 2271 l.
667 2232 786 2274 Quae
815 2230 995 2270 mutatio
1023 2229 1301 2270 communiter
1331 2237 1517 2284 recepta,
1550 2243 1647 2268 cum
1677 2227 1731 2268 sit

181 2303 307 2344 etiam
335 2302 379 2342 in
401 2303 559 2343 vocab.
591 2301 747 2355 quz'ller
779 2301 853 2355 (gl.
879 2301 1103 2353 molossus)
1128 2304 1192 2350 9³,
1229 2307 1318 2340 orta
1345 2299 1510 2340 videtur
1539 2313 1590 2338 ex
1619 2312 1729 2338 asso-

181 2373 327 2414 nantia
348 2387 444 2413 cum
466 2372 548 2425 adj.
580 2372 729 2426 9203]th
750 2372 920 2425 (ferus),
948 2386 1043 2411 cum
1065 2378 1209 2411 contra
1233 2369 1468 2424 germanice
1490 2384 1586 2409 cum
1607 2384 1634 2409 n
1654 2383 1730 2422 pro

180 2460 204 2485 r
225 2444 291 2484 vel
314 2444 331 2483 l
357 2443 513 2483 factum
535 2442 590 2482 sit
612 2442 712 2483 wint
733 2445 902 2495 (ventus
916 2458 926 2490 3
959 2441 1204 2490 windlzuml,
1231 2441 1282 2480 cf.
1310 2440 1440 2480 Graff.
1466 2440 1494 2480 l.
1520 2442 1594 2492 c.).
1634 2440 1730 2480 Vox

182 2516 303 2569 Zeuqa
326 2514 371 2553 in
394 2513 516 2562 Itin.,
543 2513 778 2567 Inscriptt.,
804 2528 871 2566 ap.
894 2511 1126 2559 Ammian.,
1152 2511 1179 2550 J
1183 2511 1376 2559 ornand„
1403 2507 1529 2566 λεύγη
1551 2525 1618 2564 ap.
1640 2511 1729 2550 He-

181 2585 374 2641 sychium
403 2584 539 2637 (leuca
567 2583 611 2622 in
642 2583 941 2623 recentioribus
973 2582 1089 2622 libris
1120 2581 1260 2622 minus
1285 2589 1394 2622 recte
1416 2582 1560 2635 procul
1583 2580 1728 2633 dubio)

180 2664 243 2698 est
266 2657 382 2705 leuce,
411 2655 537 2703 lewa,
564 2668 739 2694 excussa
755 2669 807 2708 9,
833 2655 944 2708 apud
974 2652 1192 2705 scriptores
1214 2652 1340 2692 medii
1361 2652 1475 2699 aevi,
1505 2651 1595 2705 jam
1617 2651 1729 2704 apud

180 2728 365 2775 Budam,
391 2725 435 2765 in
466 2724 720 2779 polyptycho
742 2723 969 2764 Irminonis
1003 2723 1207 2774 (ineuntis
1239 2737 1319 2763 sec.
1349 2726 1410 2776 9.)
1425 2755 1435 2773 ,
1462 2730 1509 2763 ut
1530 2720 1729 2762 armorico

180 2798 254 2847 leo,
283 2797 356 2837 lew
387 2796 457 2850 (cf.
493 2796 627 2849 Cang.
663 2809 695 2835 s.
722 2796 800 2847 v.).
846 2793 956 2834 Addi
987 2800 1125 2847 potest
1155 2794 1288 2847 slriqa
1319 2795 1522 2847 (venefica
1551 2790 1724 2839 mulier3
