1897 3072
482 89 519 128 Ι.
559 94 594 128 1.
658 102 844 130 VOCALES
867 102 1140 130 HIBERNICAE
1164 104 1342 131 BREVES.
1638 96 1688 136 13

141 201 230 242 loco
251 201 450 255 leguntur
467 202 593 242 etiam
613 203 768 243 formae
790 202 998 244 cloilbtln'd
1012 203 1218 256 (figulus),
1240 211 1281 244 et
1301 205 1524 246 roclmlolbz'
1543 208 1687 259 (fiuxit

140 271 198 321 id,
222 276 328 325 vas).
373 273 494 313 Duco
515 273 597 313 huc
620 273 745 313 etiam
767 273 848 327 adj.
874 280 915 313 et
936 274 1067 313 subst.
1081 273 1220 327 folus,
1236 275 1378 329 sollus
1402 277 1680 331 (perspicuus,

140 343 274 383 clarus
287 376 298 392 ,
333 344 581 397 claritudo),
617 344 728 397 quod
752 343 841 397 jam
862 350 999 384 exstat
1019 343 1064 383 in
1085 344 1261 385 vetustis
1282 345 1523 387 nominibus
1556 348 1681 389 Vola-

138 413 250 462 Sz'us,
286 414 562 463 Volusianus,
598 428 620 454 e
640 414 777 454 radice
786 414 880 468 fell
899 413 1076 467 (videre3
1103 415 1203 455 Wb.
1234 418 1294 455 7³:
1329 417 1585 458 atelecbelle'zcb
1607 434 1682 472 pro

138 478 423 537 czelezbf‘elle'ecb,
457 485 604 525 videbo
632 499 704 524 vos
720 501 730 533 3
762 485 915 524 cambr.
938 484 1127 538 guadet),
1153 499 1229 525 nec
1259 500 1346 525 non
1364 487 1569 542 foiryyae
1603 489 1677 543 (gl.

138 555 298 604 Thetis,
324 555 352 595 i.
378 570 413 595 e.
441 557 638 608 oceanus)
663 556 734 608 Sg.
765 558 882 604 124³,
908 569 929 594 e
950 554 1087 595 radice
1097 555 1246 610 ferqss,
1268 557 1398 611 ferq,
1425 558 1493 597 cui
1522 558 1682 612 signifi-

136 625 243 665 catio
264 625 476 674 motionis,
497 625 737 679 agitationis
760 626 1035 679 supponenda
1057 625 1147 673 crit,
1169 640 1190 665 e
1209 641 1291 679 qua
1313 635 1353 667 et
1376 628 1548 669 nomina
1558 630 1676 684 fere,

123 696 248 749 ferce
271 695 372 747 (ira3
407 717 463 728 Ξ
479 696 636 749 ferqss,
658 696 780 749 ferq,
806 695 857 735 cf.
893 696 970 734 sub
993 696 1051 748 G)
1074 696 1174 735 Wb.
1198 694 1268 735 22b
1305 698 1489 751 fercaclc
1512 699 1679 753 (iratus)

135 765 213 804 Ml.
238 768 318 805 22⁰.
347 763 416 804 22‘1
439 765 509 817 (cf.
539 760 820 820 Οὖεργίοωος
846 759 1036 813 ὠκεανὸς
1057 780 1123 818 ap.
1152 767 1263 806 Ptol.
1292 770 1330 816 2,
1360 773 1395 807 1.
1424 772 1470 817 23
1499 773 1537 818 8,
1566 774 1586 809 3
1610 771 1676 810 ed.

132 835 364 889 WViffierg„
396 850 574 889 magnus
603 850 782 875 oceanus
811 851 834 875 a
862 835 1033 875 meridie
1062 835 1227 876 insulae
1248 837 1513 891 Hiberniae).
1560 841 1679 883 Quae

132 906 310 946 mutatio
330 906 375 946 in
397 921 417 946 ο
438 906 509 946 vix
530 906 801 946 adscribenda
824 912 886 945 est
907 905 1099 959 sequenti
1123 921 1171 956 26,
1197 914 1246 947 ut
1266 907 1311 947 in
1332 908 1500 959 clolbecd,
1515 910 1672 964 sollus,
1707 962 1711 965 ¹

132 990 229 1017 cum
245 976 372 1016 etiam
387 984 484 1016 ante
501 977 602 1017 alias
620 977 781 1017 vocales
800 976 1000 1026 obtineat,
1022 984 1068 1016 ut
1085 976 1130 1016 in
1148 978 1381 1027 roclmlolbi,
1390 980 1553 1034 ιβοὴ-93,
1569 981 1676 1035 jam-

131 1062 211 1100 que
232 1046 277 1086 in
298 1055 463 1088 vetusto
485 1047 655 1088 nomine
676 1047 935 1096 Rhodanus,
970 1047 1176 1100 siquidem
1191 1047 1461 1102 jungendum
1482 1058 1544 1091 est
1566 1052 1676 1091 voci-

129 1119 206 1158 bus
235 1118 338 1158 item
365 1118 541 1158 vetustis
574 1117 735 1172 gallicis
764 1117 992 1158 Rhedones
1016 1118 1162 1167 Caes„
1198 1119 1419 1173 Eporedici
1442 1120 1487 1174 (i.
1515 1136 1550 1161 e.
1576 1122 1676 1162 boni

128 1202 330 1242 equorum
351 1189 588 1238 domitores,
614 1188 727 1229 Plin.
756 1193 794 1238 3,
824 1191 907 1241 17),
933 1189 1061 1229 rheda
1085 1191 1282 1242 (currus).

239 1260 490 1300 Mutationis
521 1267 731 1313 correptae
760 1275 780 1299 e
809 1259 855 1299 in
884 1260 1130 1314 productam
1161 1274 1187 1299 α
1212 1261 1453 1314 exemplum
1481 1270 1673 1316 apertum

127 1337 189 1370 est
210 1331 342 1370 subst.
368 1330 488 1370 brcith
511 1329 750 1383 (judicium)
773 1330 818 1370 in
839 1331 938 1370 Wb.
965 1330 1130 1384 saepius
1157 1330 1327 1371 obvium
1351 1331 1476 1384 juxta
1496 1333 1673 1374 somnam

127 1401 265 1449 breth,
300 1401 411 1454 quod
433 1399 560 1439 etiam
589 1400 690 1440 alias
722 1407 882 1449 exstat,
916 1415 952 1440 e.
977 1415 1039 1453 gr.
1066 1400 1202 1440 adhuc
1224 1401 1269 1440 in
1290 1401 1491 1443 hodierno
1513 1405 1669 1443 cambr.

126 1471 274 1510 bran-(Z
294 1473 367 1523 (Ξ
388 1471 513 1523 brat),
539 1470 677 1510 forsan
693 1470 781 1523 jam
803 1469 848 1510 in
868 1470 1044 1510 vetustis
1066 1470 1307 1511 nominibus
1328 1472 1489 1525 gallicis
1511 1474 1670 1514 Bratis-

124 1541 342 1595 pantium,
369 1541 694 1581 Mandubratius
717 1541 830 1594 apud
851 1540 989 1589 Caes„
1016 1540 1273 1581 Casibratius
1296 1542 1494 1596 Inscript.
1521 1544 1667 1596 (Grut.

125 1615 221 1661 869,
252 1614 307 1664 7).
352 1612 441 1652 Nec
471 1611 615 1665 negari
641 1610 794 1664 poterit
822 1610 1001 1651 mutatio
1023 1618 1234 1665 correptae
1256 1627 1276 1651 e
1297 1610 1342 1651 in
1362 1613 1609 1665 productam
1629 1629 1664 1663 e,

123 1681 158 1721 si
188 1682 233 1722 in
260 1682 411 1722 nostris
433 1682 608 1722 vetustis
640 1681 851 1721 codicibus
882 1695 968 1721 non
990 1681 1126 1721 solum
1147 1681 1326 1735 legimus
1348 1682 1524 1723 formam
1545 1699 1663 1725 num.

122 1751 242 1792 deick
265 1749 406 1805 (δέκα)
420 1785 431 1802 ,
464 1754 537 1792 sed
566 1752 692 1792 etiam
714 1751 957 1805 scriptiones
980 1751 1073 1800 deb,
1103 1752 1222 1801 decc,
1258 1754 1360 1793 deae
1382 1754 1464 1805 (=
1485 1755 1583 1803 dec;
1617 1756 1667 1795 de

120 1837 202 1863 usu
225 1823 443 1877 utriusque
464 1823 618 1863 formae
640 1822 747 1862 infra
769 1821 814 1861 in
830 1820 965 1875 capite
982 1822 1033 1861 de
1050 1822 1371 1875 numeralibus),
1393 1831 1434 1864 et
1451 1825 1486 1864 si
1501 1832 1668 1866 vetusta

120 1907 201 1933 vox
221 1894 373 1947 gallica
401 1894 533 1934 rheda
556 1895 719 1946 (currus
732 1908 742 1940 3
777 1891 829 1931 cf.
855 1907 875 1931 e
895 1893 1160 1945 productam)
1176 1892 1396 1947 jungenda
1418 1902 1503 1944 est,
1538 1903 1586 1936 ut
1606 1896 1665 1936 vi-

119 1964 262 2013 detur,
288 1963 418 2004 radici
438 1971 591 2004 vetust.
616 1963 780 2003 hibern.
806 1962 898 2003 reth
921 1963 1108 2014 (cursus,
1141 1965 1337 2017 currere).
1352 1962 1373 1984 ³⁴⁵
1413 1966 1664 2008 Mutationis

208 2144 225 2159 ³*
249 2144 280 2177 E
305 2144 423 2178 radice
447 2145 586 2178 hibern.
606 2150 676 2178 vet.
703 2145 801 2185 reth,
829 2155 933 2188 quam
959 2143 1042 2177 licet
1065 2144 1232 2177 reducere
1256 2144 1302 2177 ad
1325 2144 1454 2178 formas
1478 2145 1662 2190 primarias

117 2200 180 2232 recl
203 2206 238 2233 et
260 2204 315 2233 ret
334 2200 390 2245 (cf.
419 2201 510 2234 infra
528 2213 672 2235 consou.
692 2201 826 2234 medias
843 2201 998 2245 hibern.)
1019 2212 1090 2233 non
1109 2206 1203 2233 certo
1221 2204 1319 2245 patet
1336 2211 1490 2233 consona
1509 2201 1661 2245 origina-

116 2255 187 2296 ria,
209 2268 293 2289 num
312 2257 336 2289 cl
350 2268 395 2290 an
415 2260 438 2290 t.
472 2257 543 2290 Sed
561 2257 723 2291 hodiern.
743 2257 874 2291 cambr.
894 2257 1003 2290 rheda
1024 2256 1213 2301 (currere),
1235 2267 1306 2289 non
1324 2256 1467 2297 rheddu,
1488 2262 1662 2290 monstrat

117 2311 343 2356 originariam
364 2317 391 2353 t,
422 2325 573 2357 quocum
598 2314 788 2346 concordat
815 2313 921 2346 etiam
953 2324 1080 2345 armor.
1111 2316 1165 2346 ret
1190 2312 1339 2357 (cursus)
1369 2313 1490 2346 Buhez
1511 2315 1593 2354 133,
1625 2315 1658 2347 9.

115 2367 322 2402 Notandum
350 2376 467 2402 tamen
494 2376 615 2403 contra
642 2370 727 2410 hoc,
758 2370 917 2404 obtinere
941 2369 1139 2403 britannice
1165 2368 1343 2401 interdum
1370 2368 1604 2401 differentiam
1622 2369 1659 2402 in

115 2424 283 2468 gradibus
311 2437 544 2459 consonarum
566 2426 623 2470 (de
642 2438 710 2470 qua
727 2425 846 2470 infra).
882 2426 980 2458 Inter
996 2424 1141 2458 nomina
1160 2424 1286 2469 gallica
1303 2425 1506 2458 Vindobon.
1527 2425 1657 2458 codicis

113 2492 183 2513 rec.
205 2482 245 2513 89
268 2482 476 2526 (Endlicher
492 2483 643 2527 catalog.
664 2482 767 2515 codd.
788 2482 911 2527 philol.
931 2494 966 2527 p.
990 2481 1065 2526 199)
1087 2481 1130 2514 de
1147 2481 1289 2514 nomine
1307 2481 1406 2514 fluvii
1423 2481 1591 2513 Rhodani
1609 2481 1656 2513 le-

113 2542 247 2581 guntur
264 2538 410 2572 haecce:
441 2539 547 2572 “roth
566 2539 772 2580 violentum,
794 2539 864 2572 dan
882 2544 915 2571 et
934 2538 969 2571 in
988 2537 1115 2582 gallico
1134 2542 1168 2570 et
1185 2537 1221 2570 in
1240 2538 1370 2571 hebreo
1383 2537 1554 2582 judicem.
1575 2536 1655 2569 ideo

112 2594 292 2628 hrodanus
311 2595 424 2639 judex
450 2595 663 2629 violentus.'’
696 2595 860 2628 Nominis
878 2594 1045 2628 Rhodani
1071 2594 1205 2639 syllaba
1221 2613 1234 2618 -
1252 2605 1297 2626 an
1321 2593 1444 2638 procul
1469 2593 1576 2626 dubio
1596 2593 1655 2626 de-

111 2650 229 2683 rivans
247 2655 318 2692 est,
346 2656 380 2684 et
397 2652 440 2684 de
452 2651 574 2696 judice
592 2662 676 2696 ergo
693 2651 783 2684 nihil
799 2651 856 2685 hic
875 2651 1135 2696 quaerendum3
1165 2649 1375 2694 significatio
1393 2654 1511 2682 tamen
1532 2649 1654 2682 violen-

114 2709 167 2739 tus
188 2706 364 2750 (currens,
384 2707 543 2753 rapidus)
564 2719 635 2741 non
653 2705 895 2753 impugnanda
908 2734 915 2748 ‚
943 2719 1023 2740 cum
1041 2712 1076 2740 et
1092 2706 1160 2740 alia
1178 2718 1250 2739 non
1267 2705 1357 2738 male
1374 2705 1598 2750 proferantur
1614 2705 1652 2739 in

111 2762 166 2795 his
202 2763 347 2796 vetustis
380 2764 524 2797 notatis.
568 2764 616 2797 Ut
647 2764 825 2805 violentus,
862 2763 1006 2808 rapidus
1034 2763 1231 2796 Rhodanus
1268 2762 1325 2806 (de
1359 2761 1434 2805 ejus
1459 2761 1651 2805 rapacitate

111 2817 179 2851 loci
202 2818 331 2863 poetici
349 2820 414 2853 sub
432 2820 462 2853 Ο
481 2821 668 2866 correpta),
685 2821 800 2855 dictus
814 2820 920 2854 fuerit
930 2819 1091 2864 placidus
1105 2820 1197 2852 Arar
1217 2817 1338 2862 (“fluit
1350 2816 1551 2851 incredibili
1563 2817 1651 2851 leni-
