1897 3072
389 153 449 192 II.
480 155 517 191 2.
572 165 911 192 nncLINATIONis
936 164 1211 192 HIBERNICAE
1234 165 1348 191 ormo
1371 164 1519 191 Paion.
1649 151 1729 190 243

611 346 839 392 CAPUT
895 347 1292 393 SECUNDUM.

672 482 747 527 De
773 482 981 528 nominis
1006 481 1230 528 flexione.

527 619 566 662 I.
645 618 888 663 Nomen
937 618 1375 663 hibernicum.

748 751 801 789 A.
850 750 1160 789 Declinatio.

293 884 346 923 In
368 889 531 922 vetusta
554 882 700 936 lingua
722 882 950 931 hibernica,
972 897 1077 936 quae
1099 883 1328 922 formarum
1349 880 1531 921 nominis
1555 883 1729 923 varieta-

179 962 263 994 tem
294 968 490 1006 magnam
521 952 700 993 servavit
728 967 858 1006 eaque
888 952 1012 1006 longe
1034 960 1203 1006 superat
1225 952 1351 992 etiam
1373 951 1561 1005 ejusdem
1583 954 1729 994 aetatis

178 1023 441 1072 cambricam‚
468 1030 530 1063 est
559 1022 716 1076 duplex
747 1022 987 1063 declinandi
1012 1024 1126 1072 ordo,
1153 1037 1332 1076 quorum
1353 1023 1466 1076 prior
1488 1024 1539 1063 ob
1560 1039 1729 1078 praeva-

177 1095 310 1134 lentes
346 1093 390 1133 in
426 1093 677 1133 flexionibus
708 1093 870 1133 vocales
900 1093 1032 1147 possit
1061 1093 1143 1133 dici
1179 1093 1411 1142 vocalicus,
1445 1094 1648 1147 posterior
1678 1096 1729 1135 ob

177 1165 463 1219 praevalentes
510 1178 713 1204 consonas
751 1155 1090 1204 consonanticus.
1149 1164 1217 1205 Ad
1254 1164 1375 1204 illum
1409 1164 1623 1217 pertinent
1660 1166 1729 1205 ad·

171 1235 340 1289 jectiva‚
367 1249 472 1288 quae
494 1250 580 1274 non
601 1234 817 1288 proprium
838 1235 1010 1275 modum
1032 1242 1281 1288 sequuntur,
1303 1242 1351 1274 ut
1372 1235 1416 1274 in
1439 1235 1530 1275 aliis
1553 1235 1725 1289 linguis,

178 1320 214 1345 e.
240 1320 302 1358 gr.
334 1305 571 1358 germanica
603 1312 644 1345 et
676 1305 849 1353 slavica3
884 1305 1089 1359 posterior
1120 1307 1219 1346 ordo
1256 1305 1448 1359 proprius
1482 1312 1544 1345 est
1574 1305 1728 1345 solum-

177 1377 300 1416 modo
323 1375 610 1424 substantivis,
631 1390 707 1415 nee
726 1382 811 1415 tam
828 1375 1059 1415 numerosis
1078 1390 1204 1429 quam
1225 1375 1269 1415 111
1291 1376 1441 1430 priore.
1478 1376 1532 1415 In
1550 1382 1727 1429 utroque

178 1447 321 1487 ordine
351 1446 513 1486 vocales
544 1445 775 1485 flexionum
804 1452 904 1485 sunt
933 1445 1018 1485 sive
1048 1453 1259 1495 externae,
1284 1446 1329 1486 111
1359 1447 1443 1486 fine
1466 1447 1722 1494 accedentes,

178 1518 263 1557 sive
285 1517 489 1565 internae,
510 1516 649 1556 locum
671 1523 922 1570 occupantes
945 1524 1042 1556 ante
1065 1531 1291 1556 consonam
1309 1516 1619 1565 terminantem,
1642 1516 1727 1556 sive

178 1596 241 1628 est
269 1587 418 1628 radicis
451 1586 536 1626 sive
564 1585 847 1626 derivationis.
894 1587 1005 1627 Sunt
1032 1601 1153 1640 porro
1177 1594 1217 1627 et
1239 1587 1502 1627 substantiva
1523 1588 1726 1640 quaedam

178 1658 450 1712 discrepando
472 1671 495 1696 a
517 1656 649 1697 solitis
671 1657 910 1697 declinandi
931 1657 1064 1698 modis
1087 1657 1274 1712 proprias
1297 1658 1449 1698 formas
1473 1657 1721 1706 evolventia,

177 1729 243 1768 vel
265 1729 470 1769 anomala.

752 1856 912 1901 Ordo
955 1855 1143 1916 prior.

290 1987 563 2027 Substantiva
593 1994 635 2027 et
665 1987 868 2041 adjectiva
898 1988 1063 2041 generis
1091 1988 1314 2029 masculini
1343 1997 1384 2030 et
1415 1989 1606 2030 neutrius
1629 2004 1725 2030 con-

177 2057 350 2097 cordant
380 2057 425 2096 in
452 2057 730 2105 flexionibus3
766 2058 1032 2098 substantiva
1061 2065 1102 2098 et
1124 2058 1328 2112 adjectiva
1348 2060 1512 2114 generis
1534 2060 1724 2100 seminini

176 2142 272 2167 suos
289 2127 476 2181 proprios
493 2129 638 2168 modos
657 2135 906 2181 sequuntur.
942 2128 1133 2168 Exhibeo
1150 2129 1334 2182 primum
1353 2131 1521 2170 schema
1537 2130 1724 2170 omnium

177 2197 415 2237 declinandi
446 2199 679 2246 modorum,
709 2212 811 2251 quos
840 2198 932 2238 dico
962 2198 1102 2248 series,
1135 2201 1407 2252 proponendo
1439 2201 1725 2254 paradigmate

176 2282 250 2321 pro
273 2282 536 2321 quocumque
549 2284 560 2316 3
586 2268 769 2321 produco
787 2268 884 2308 dein
901 2269 1165 2309 substantiva
1181 2269 1268 2309 sive
1284 2270 1490 2323 adjectiva
1505 2271 1726 2325 probantia

177 2338 329 2378 formas
363 2337 546 2391 cujusvis
576 2337 697 2377 seriei
726 2338 794 2378 hic
826 2339 1051 2392 expositas,
1077 2339 1162 2379 sive
1193 2339 1319 2380 etiam
1340 2340 1559 2381 varietates
1582 2356 1725 2382 earum

177 2408 405 2458 offerentia,
432 2423 483 2448 ex
505 2408 606 2462 ipsis
628 2408 855 2449 codicibus.

300 2546 622 2587 Declinatio
653 2547 962 2587 masculina
992 2555 1043 2587 et
1072 2548 1291 2602 generis
1322 2550 1594 2590 neutrius.

292 2658 609 2713 Paradigmata:
645 2661 682 2700 Ι.
718 2661 800 2700 ce'le
822 2660 1012 2714 (socius).
1052 2661 1307 2715 Exemplum
1328 2662 1454 2715 hujus
1478 2662 1596 2702 seriei
1618 2661 1723 2701 deri-

179 2735 344 2777 vatum,
377 2743 413 2768 e.
438 2743 501 2782 gr.
536 2730 673 2771 eelzire
705 2731 896 2783 (mulio),
933 2731 1073 2771 leete're
1102 2732 1424 2786 (dispensator),
1460 2734 1610 2772 addere
1638 2747 1723 2772 non

180 2806 266 2837 tam
287 2799 566 2842 necessarium
586 2800 765 2850 videtur,
792 2816 918 2854 quam
939 2802 984 2841 in
1006 2802 1277 2855 sequentibus
1300 2804 1352 2842 ob
1374 2802 1560 2842 internas
1582 2802 1726 2842 flexio-

178 2868 243 2908 nis
264 2869 440 2908 vocales.
486 2870 547 2909 II.
582 2871 837 2923 Exemplum
864 2886 951 2912 non
982 2872 1216 2913 derivatum
1238 2873 1327 2913 hall
1346 2873 1631 2926 (membrum),
1657 2874 1723 2913 de-

1374 2944 1385 2977 1
1401 2944 1421 2977 6
1434 2939 1454 2959 *
