1897 3072
481 108 517 147 Ι.
563 111 598 147 1.
661 119 883 147 CONSONAE
908 119 1206 146 BRITANNICAE
1229 119 1413 146 TENUEs.
1645 105 1719 143 171

176 237 272 263 cum
302 221 488 275 liquidis,
520 235 682 275 semper
711 227 853 260 autem
883 218 928 259 in
949 218 1156 273 positione
1179 218 1289 259 inter
1311 225 1442 258 semet
1462 219 1572 272 ipsas
1594 216 1660 257 vel
1681 216 1726 257 in

174 292 472 346 duplicatione.

289 363 495 416 Exempla
534 361 753 416 positionis
795 361 988 402 tenuium
1027 376 1124 401 cum
1164 361 1216 411 S,
1255 359 1615 401 combinationum
1649 357 1725 398 sci-

175 433 273 474 licet
296 434 378 483 SP,
407 434 489 482 ST,
517 433 598 482 SC,
625 433 669 472 in
691 433 827 473 medio
849 433 916 473 vel
936 434 1021 472 fine
1046 432 1136 486 jam
1167 446 1293 485 supra
1314 431 1412 471 data
1434 437 1534 471 sunt
1556 431 1616 484 (p.
1647 433 1720 468 141

174 512 216 544 et
242 506 354 557 143).
389 504 571 545 Nullum
592 504 637 544 in
659 503 716 543 eis
740 504 908 557 quidem
928 502 1193 556 aspirationis
1210 501 1458 555 vestigium3
1483 500 1727 555 possibilem

176 583 317 615 tamon
348 576 523 615 eandem
554 590 642 615 esse
669 575 840 628 linguae
861 574 1121 614 britannicae
1153 581 1194 614 et
1215 573 1298 622 hic,
1326 574 1477 612 docent
1499 579 1585 612 tam
1604 585 1726 611 voees

175 647 330 685 cambr.
356 645 482 685 zacher
512 646 722 699 (vcspera3
758 645 922 684 hibern.
946 652 1030 684 vet.
1053 645 1203 698 fescor
1226 644 1321 697 Sg.)
1348 644 1464 683 Mab.
1496 647 1531 691 1,
1560 646 1627 681 24.
1656 646 1722 690 31,

177 716 430 757 triclzanawl
455 715 693 769 (tricuspis,
718 729 793 768 pro
817 715 988 754 trae’scan.
1006 716 1027 753 ,9
1060 715 1111 754 cf.
1138 714 1182 753 in
1213 721 1413 767 sequente
1438 712 1574 767 capite
1594 712 1725 766 partis

175 785 433 826 britannicae
455 787 506 825 B.
534 786 570 825 I.
601 790 638 825 1.
666 789 704 825 2.
733 790 771 825 3.
798 786 860 824 ΙΙ.
890 786 948 837 1.)
971 800 1098 838 quam
1119 784 1308 824 inversae
1338 783 1558 838 positionis
1581 783 1647 823 CS
1670 804 1726 816 =

173 858 219 897 X
240 854 487 909 originariae
510 855 711 896 transitus
733 855 778 895 in
799 855 863 904 cll,
889 855 916 896 Ῐι
939 857 999 909 (p.
1029 858 1142 908 147).

288 925 538 967 Possibilem
567 941 689 980 porro
711 926 981 966 infectionem
1003 926 1230 980 aspiratam
1252 924 1445 966 tenuium
1467 924 1726 965 britannicae

173 998 342 1051 linguae
374 996 420 1037 in
452 995 660 1050 positione
691 1011 788 1037 cum
815 1012 1080 1051 quacumque
1111 996 1272 1051 liquida
1301 997 1575 1050 comprobant
1604 1010 1725 1035 voces

173 1068 373 1109 cilcltetou
410 1067 542 1119 (vela,
578 1067 812 1116 velamina3
853 1067 961 1121 sing.
1004 1068 1195 1121 cilcleet),
1225 1067 1422 1121 pimplzet
1452 1067 1667 1121 (quintus,
1704 1081 1725 1106 e

163 1139 332 1193 pimp),
358 1138 538 1179 leanther
560 1138 824 1191 (dimidium3
860 1139 1015 1178 cambr.
1040 1147 1196 1180 recent.
1223 1146 1265 1179 et
1294 1138 1485 1179 hodiern.
1510 1138 1673 1178 leamzer
1703 1152 1725 1176 e

172 1211 355 1262 lcanter),
382 1209 530 1261 apertlc
553 1209 741 1261 (victima
754 1225 764 1258 3
791 1209 954 1249 hibern.
980 1216 1063 1250 vet.
1089 1210 1248 1264 idbart)
1265 1210 1355 1264 jam
1375 1209 1420 1249 in
1441 1209 1589 1263 glossis
1612 1209 1724 1248 Oxo-

172 1280 389 1320 niensibus
419 1279 576 1319 obviae.
622 1280 721 1319 Non
754 1287 895 1320 tamen
922 1281 1087 1334 aequali
1113 1282 1237 1321 modo
1259 1280 1556 1335 aspirationem
1578 1279 1726 1332 lingua

172 1358 392 1406 prosecuta
422 1357 484 1390 est
514 1349 558 1390 in
597 1351 792 1391 omnibus
827 1351 1032 1404 ejusmodi
1063 1351 1467 1399 conminationibus,
1502 1350 1659 1390 scilieet
1684 1354 1721 1389 1.

173 1423 262 1471 LP,
288 1422 377 1470 LT,
403 1422 490 1470 LC,
520 1424 557 1461 2.
584 1422 685 1470 MP,
711 1422 806 1471 NT,
832 1422 910 1462 ΝΟ
934 1429 975 1462 et
999 1427 1036 1462 3.
1062 1424 1157 1471 ΒΡ,
1183 1423 1277 1472 RT,
1302 1423 1395 1462 RC.

287 1491 579 1533 Communiter
615 1492 856 1532 dominatur
886 1492 1083 1545 aspiratio
1114 1492 1158 1532 in
1191 1493 1314 1533 tertia
1344 1492 1462 1532 serie.
1517 1491 1725 1545 Exempla.

173 1563 378 1604 cambrica
409 1573 571 1617 praeter
596 1562 686 1616 jam
707 1563 818 1603 dicta
839 1563 883 1603 in
905 1563 1055 1617 glossis
1078 1563 1414 1604 Oxoniensibus:
1448 1562 1624 1603 nerthz'ti
1643 1562 1719 1615 (gl.

172 1635 414 1682 hortabere,
449 1634 582 1674 subst.
617 1634 762 1683 nerth,
796 1634 960 1675 hibern.
994 1642 1078 1675 vet.
1111 1641 1225 1684 nert,
1259 1634 1311 1675 cf.
1336 1649 1379 1688 p.
1406 1637 1503 1688 47),
1535 1634 1722 1687 bleecpor-

173 1705 296 1747 thetio
333 1704 552 1758 (laniger),
589 1704 771 1744 morthol
797 1706 926 1757 (seta3
968 1706 1042 1745 lat.
1077 1707 1186 1745 med.
1219 1706 1452 1754 martulam,
1485 1704 1718 1753 martellus,

170 1776 269 1830 gall.
295 1775 485 1815 hodiern.
511 1777 737 1827 martem),
760 1776 902 1830 ρθνΐΙιί
922 1776 1100 1830 (virga),
1122 1776 1346 1830 yzcrtlearet
1367 1775 1718 1830 (appetitorium),

160 1846 296 1900 parth
319 1847 466 1899 (pars),
492 1846 719 1886 marcham
741 1848 971 1900 (equester3
998 1847 1161 1887 hibern.
1187 1854 1270 1887 vet.
1296 1846 1529 1899 mareaelz).
1569 1847 1604 1887 E
1627 1847 1718 1886 cod.

171 1916 377 1958 Lichfeld.
398 1917 570 1957 Artlum
588 1919 649 1969 (n.
665 1916 762 1970 viri)
780 1924 821 1957 et
838 1932 859 1957 e
876 1917 982 1958 libro
999 1919 1188 1958 Landav.
1206 1933 1214 1958 :
1235 1918 1405 1958 Arthur
1425 1923 1490 1958 74.
1511 1921 1604 1957 126.
1624 1922 1718 1958 171.

170 1988 394 2029 Artlzboclu
420 1993 485 2027 77.
516 1992 608 2028 136.
642 1987 874 2028 Arthfblez‘d
895 1992 973 2028 236
1009 1989 1191 2042 (hibern.
1217 1990 1379 2038 Artur,
1412 1989 1592 2043 Artyczl,
1617 1990 1721 2029 Art-

173 2060 293 2108 bran,
318 2058 492 2099 nomina
512 2058 697 2098 virorum
718 2059 762 2098 in
783 2059 941 2100 Annal.
967 2060 1138 2114 Tigern.
1163 2075 1230 2114 ap.
1257 2060 1417 2101 O’Con.
1441 2063 1478 2109 2,
1504 2065 1598 2099 160.
1622 2063 1717 2099 221.

174 2132 288 2182 228).
313 2129 563 2183 Dofizqarth
586 2129 768 2181 (hibern.
793 2131 1075 2184 Domanqart‚
1102 2146 1229 2185 supra
1248 2146 1291 2186 p.
1317 2133 1414 2184 134)
1442 2135 1535 2170 160.
1571 2130 1722 2170 Rarior

171 2209 213 2241 et
242 2200 383 2240 minus
406 2207 599 2239 accurata
629 2199 798 2253 scriptio
829 2206 883 2249 rt,
908 2202 963 2241 νεῖ
981 2201 1091 2241 inter
1111 2201 1270 2255 glossas
1292 2202 1432 2242 Oxon.
1458 2202 1504 2241 in
1524 2201 1715 2242 vocibus:

166 2277 268 2326 yart
279 2272 443 2324 (contra
456 2286 466 2318 3
481 2285 556 2323 pro
564 2270 728 2324 (perth),
740 2277 860 2323 part,
872 2273 1005 2324 paral.
1039 2272 1373 2312 Combinationis
1387 2274 1465 2313 RP
1479 2273 1721 2326 exemplum

169 2348 383 2382 vetustum
404 2355 491 2380 non
512 2340 682 2380 obvium
694 2357 704 2389 3
730 2341 960 2382 recentiora
980 2342 1190 2383 mutantia
1202 2358 1237 2396 p
1259 2343 1303 2383 in
1313 2344 1356 2398 f
1367 2343 1518 2384 videsis
1541 2343 1664 2383 infra.

281 2411 494 2466 Aspiratio
523 2411 726 2452 invadens
757 2413 915 2467 primae
946 2414 1066 2454 seriei
1097 2415 1171 2455 LP
1203 2421 1245 2454 et
1275 2415 1367 2455 LC:
1404 2415 1526 2469 Effin
1556 2417 1618 2468 (n.
1651 2429 1714 2468 pr.

169 2482 247 2522 viri
258 2499 268 2531 ;
301 2482 464 2535 Elplzz'n
496 2483 611 2523 Mab.
640 2486 685 2532 2,
715 2487 792 2523 379
810 2500 820 2532 3
855 2484 907 2524 cf.
942 2485 1141 2539 Alpinia,
1176 2485 1381 2539 Alpinula
1413 2486 1547 2526 Inscr.
1584 2485 1713 2525 Orell.

172 2558 250 2592 457
280 2561 320 2593 et
340 2554 497 2606 Alpin,
523 2555 681 2608 Elpia,
707 2570 862 2595 nomen
891 2556 969 2596 viri
1001 2556 1265 2596 hibernicum
1293 2556 1338 2596 in
1359 2557 1516 2596 Annal.
1543 2556 1713 2609 Tigern.

170 2639 237 2677 ap.
274 2623 432 2663 O’Con.
461 2629 499 2674 2,
527 2629 622 2666 216.
651 2629 750 2680 253)
785 2627 878 2667 Lib.
906 2628 1041 2667 Land.
1072 2632 1165 2667 150.
1196 2632 1289 2667 171.
1320 2632 1413 2667 178.
1442 2631 1536 2666 237.
1570 2626 1717 2666 c‘e'lehe-

172 2700 239 2734 tou
262 2693 336 2747 (gl.
362 2694 475 2742 Vela3
503 2695 621 2749 cujus
644 2697 752 2751 sing.
780 2698 912 2747 cz‘lcet,
938 2699 996 2752 gl.
1022 2698 1277 2747 stratorium,
1302 2697 1586 2752 negligentius
1609 2697 1718 2737 inter

171 2765 336 2804 easdem
356 2765 532 2818 glossas)
563 2767 620 2820 gl.
647 2768 786 2808 Oxon.
832 2769 1055 2823 Excipitur
1076 2771 1173 2819 LT,
1199 2783 1305 2823 quae
1338 2775 1505 2808 tenuem
1528 2767 1613 2807 sive
1635 2783 1716 2808 ser-

170 2843 240 2875 vat
269 2835 354 2875 sive
386 2835 589 2877 assimilat
617 2837 660 2879 in
682 2840 981 2880 vetustioribus
1013 2840 1200 2894 scriptis:
1237 2839 1511 2893 Estqulzebrie
1534 2840 1596 2891 (n.
1621 2838 1716 2892 viri)
