1897 3072
183 116 264 155 304
573 113 635 152 II.
670 116 707 151 2.
771 125 1024 152 DEMINUTIO
1050 125 1332 152 ssRITANNICA.

298 225 515 267 Cambrice
545 224 670 265 etiam
690 223 814 264 hodie
837 223 1074 263 terminatio
1097 238 1169 263 -cm
1191 223 1398 263 deminuit
1418 223 1637 277 utriusque
1658 238 1727 277 ge-

184 298 294 338 neris
317 295 598 336 substantiva:
623 309 750 334 masc.
777 294 941 348 llyfran
964 293 1182 346 (libellus),
1207 293 1304 333 fem.
1333 294 1489 348 dynam,
1512 294 1727 348 'qwreiyan

185 366 484 417 (muliercula).
536 364 809 418 Frequentior
844 363 890 402 in
925 377 1076 416 genere
1105 362 1338 403 masculino
1369 370 1432 403 est
1463 370 1602 403 tamen
1631 377 1725 418 -yn,

185 454 221 479 e.
247 452 310 491 gr.
347 438 490 490 dynyn
512 434 848 487 (homunculus),
874 447 979 487 quae
1001 432 1237 472 terminatio
1266 447 1288 472 e
1318 432 1592 473 substantivis
1614 433 1729 472 femi-

185 508 298 548 ninis
329 506 456 546 efficit
487 504 743 553 masculina,
778 517 814 543 e.
838 517 901 556 gr.
935 502 1106 557 rlceffyn
1131 493 1404 555 (funiculus),
1430 516 1452 542 e
1480 501 1577 541 fem.
1611 500 1739 556 rhaff

186 576 351 628 (funis).
397 574 462 615 Cf.
487 581 631 614 notam
654 572 955 627 singularitatis
977 572 1254 612 masculinam
1275 587 1363 627 -ym

301 646 359 685 IC
391 644 593 685 cambrice
623 644 756 697 magis
786 658 837 683 ex
860 658 938 683 usu
960 642 1096 692 cessit,
1121 642 1245 682 hodie
1268 650 1407 683 tamen
1428 640 1640 682 femininis
1662 642 1732 682 ad—

187 718 269 756 huc
306 715 527 768 adfigitur,
568 728 604 754 e.
638 729 700 768 gr.
742 714 896 754 llcmces
934 713 1123 767 (juvenis
1160 713 1366 765 femina),
1409 711 1607 765 llancesiy
1644 711 1733 765 (ju-

188 786 399 838 vencula).

302 855 536 896 Cornica
563 854 775 907 exempla:
812 853 965 893 cleclzz'o
995 853 1350 905 (tintinnabulum
1360 869 1372 901 3
1405 853 1432 892 i.
1459 868 1495 892 e.
1532 852 1730 899 cloccula,

189 944 210 968 e
239 928 371 968 subst.
403 924 532 973 cloch,
567 924 737 976 clocca),
770 923 897 978 ydm'o
927 923 1110 977 (pullus3
1145 923 1171 963 i.
1199 938 1234 962 e.
1261 923 1437 972 avicula,
1462 922 1549 963 avis
1579 922 1730 976 pulla),

189 997 366 1039 kellillic
389 998 574 1049 (artavus
586 1011 596 1042 3
623 1010 644 1034 e
667 994 810 1042 cillell,
836 993 985 1045 culter)
1008 993 1166 1033 Vocab.

302 1065 623 1108 Armoricum
643 1079 665 1104 e
687 1064 799 1103 Buh.
819 1079 826 1103 :
854 1079 908 1104 cm
931 1063 1066 1103 mabit⁷
1089 1064 1189 1117 [Ζευς]
1213 1062 1432 1115 (puerulus
1455 1061 1611 1114 David)
1638 1066 1732 1110 106,

192 1145 259 1179 21.
304 1137 521 1178 Hodierna
543 1134 762 1187 utriusque
783 1134 969 1187 generis:
1005 1132 1123 1173 tadik
1145 1132 1437 1186 (paterculus),
1459 1131 1624 1186 yu·a:2'lc
1646 1131 1736 1183 (ho-

190 1208 450 1258 munculus),
475 1204 674 1245 merc'lm‘k
697 1204 877 1257 (filiola).

304 1278 390 1326 OS,
415 1276 554 1323 ACH,
581 1275 729 1314 IACH
758 1274 931 1314 rariores
969 1280 1069 1313 sunt
1106 1273 1418 1314 terminationes
1447 1272 1737 1313 deminuentes

192 1348 434 1395 cambricae,
462 1345 626 1386 additae
656 1343 930 1383 substantivis
963 1343 1072 1397 plur.
1098 1344 1163 1383 vel
1185 1344 1365 1392 collect„
1391 1351 1438 1384 ut
1465 1341 1738 1397 ywraqeddos

193 1417 514 1469 (mulierculae),
537 1430 690 1469 wynos,
712 1413 903 1468 zeym'aclz
921 1414 1093 1466 (agnelli
1105 1431 1114 1462 3
1139 1428 1233 1469 zcyn
1251 1429 1301 1453 ex
1319 1416 1427 1465 oen),
1444 1410 1739 1466 ywczrtheyach

194 1493 388 1543 (parvum
409 1500 549 1540 pchS,
575 1485 842 1532 contemtim3
869 1499 890 1523 e
913 1484 1029 1531 bach,
1055 1499 1206 1537 parvus
1220 1484 1270 1536 ἲ).
1316 1483 1571 1536 Exemplum
1591 1480 1739 1535 prioris

194 1556 500 1601 terminationis
543 1555 707 1596 additae
744 1554 1006 1594 substantivo
1052 1554 1216 1594 numeri
1252 1553 1475 1606 singularis
1512 1552 1556 1592 in
1593 1551 1735 1591 Maba

194 1643 414 1685 vymranos
443 1625 592 1680 (parvi,
616 1639 820 1679 pauperes
850 1624 934 1664 mei
962 1624 1094 1673 corvi3
1130 1625 1248 1673 bran,
1280 1624 1390 1678 plur.
1418 1622 1550 1675 brein)
1575 1626 1614 1671 2,
1643 1625 1737 1660 383.

309 1700 407 1739 ILL
437 1706 479 1738 et
510 1697 622 1736 ELL
652 1695 891 1748 frequenter
922 1695 1066 1734 obviae
1099 1695 1412 1735 terminationes
1434 1693 1478 1733 in
1500 1691 1741 1732 nominibus

195 1770 370 1811 vetustis
401 1766 561 1821 gallicis
592 1765 883 1806 deminuentes
912 1765 1122 1814 videntur,
1158 1764 1401 1819 praesertim
1430 1763 1474 1803 in
1502 1760 1742 1802 nominibus

196 1841 380 1881 virorum
416 1844 458 1878 et
491 1836 763 1883 feminarum,
799 1849 834 1874 e.
864 1849 927 1888 gr.
967 1835 1205 1883 Roscillus,
1243 1834 1448 1881 Celtillas,
1488 1830 1742 1872 Abducillus

197 1910 311 1965 apud
331 1909 564 1955 Caesarem,
596 1904 814 1953 Otacillus,
845 1903 1041 1953 Otacilla,
1067 1903 1313 1957 Excinyz'lla
1335 1909 1414 1942 etc.
1439 1902 1484 1941 in
1508 1899 1742 1955 inscriptio-

198 1980 322 2020 nibus
345 1980 468 2031 (quae
496 1975 648 2016 videsis
680 1975 725 2015 in
754 1975 888 2028 capite
911 1975 961 2014 de
982 1973 1281 2026 derivatione),
1313 1978 1524 2026 praeterea
1545 1970 1590 2010 in
1611 1969 1743 2010 nomi-

198 2051 323 2090 nibus
354 2047 578 2088 fluviorum
607 2045 673 2085 vel
702 2046 911 2093 locorum,
937 2059 972 2084 e.
997 2058 1060 2098 gr.
1093 2043 1277 2084 fllosella
1301 2042 1426 2096 juxta
1455 2042 1596 2090 Mosa,
1621 2041 1744 2080 Mur-

199 2120 303 2161 sella
332 2118 457 2172 juxta
487 2117 656 2157 Μανεα.
712 2116 825 2155 Rara
861 2122 1000 2155 tamen
1039 2116 1132 2167 (nec
1169 2120 1330 2153 certum
1365 2111 1536 2152 omnino
1571 2126 1636 2151 an*
1662 2110 1746 2150 sint

200 2188 478 2240 deminutiva)
516 2186 720 2241 ejusmodi
758 2186 930 2226 nomina
975 2183 1066 2237 jam
1105 2183 1217 2237 apud
1260 2189 1417 2222 veteres
1456 2182 1668 2221 Hibernos
1705 2188 1746 2219 et

202 2260 450 2306 Britannos,
487 2273 522 2297 e.
548 2272 610 2311 gr.
643 2257 806 2296 hibern.
844 2254 980 2295 Sim’ll
1004 2255 1144 2305 (nom.
1178 2252 1282 2305 viri)
1315 2252 1359 2292 in
1390 2251 1545 2291 Annal.
1572 2249 1742 2303 Tigern.

201 2346 268 2385 ap.
294 2328 453 2369 O⁷Con.
481 2332 526 2375 2,
558 2332 660 2375 177,
701 2325 981 2366 Oolmcmellecs
1013 2324 1083 2375 (cf.
1119 2323 1320 2370 colme2ee,
1356 2322 1413 2375 gl.
1449 2334 1623 2368 nervus,
1651 2319 1741 2372 Sg.,

203 2416 257 2441 an
287 2413 361 2453 pro
387 2397 723 2448 GolambcmelW)
756 2395 865 2435 Boll.
899 2395 1027 2434 Mart.
1055 2397 1102 2441 2,
1131 2397 1226 2441 560,
1252 2393 1405 2431 cambr.
1443 2389 1607 2431 Ozcz'llzcs
1637 2388 1746 2440 (Gil-

203 2470 309 2511 dasii
339 2468 481 2519 frater)
504 2466 613 2506 Bon.
639 2466 736 2505 Jan.
765 2469 810 2514 2,
839 2468 934 2504 958.
980 2464 1036 2504 Et
1066 2461 1328 2503 substantiva
1358 2458 1607 2507 britannica,
1642 2472 1747 2512 quae

204 2541 399 2581 videntur
420 2535 679 2577 deminutiva
711 2535 898 2589 ejusdem
920 2531 1240 2579 terminationis,
1266 2530 1478 2583 quaeritur
1500 2543 1643 2569 annon
1664 2528 1749 2568 sint

204 2609 346 2651 omnia
368 2612 622 2648 transsumta
644 2605 797 2645 latina:
834 2605 988 2644 cambr.
1016 2602 1174 2656 yratell
1192 2600 1268 2653 (gl.
1293 2599 1512 2652 graticula,
1537 2599 1646 2639 med.
1671 2598 1744 2638 lat.

201 2678 397 2734 yradella
423 2692 466 2732 p.
495 2679 598 2724 1863
633 2674 661 2714 i.
687 2689 723 2714 e.
757 2673 989 2725 craticula).
1023 2670 1185 2718 celeell‚
1223 2669 1350 2710 cultel
1378 2669 1453 2723 (gl.
1489 2675 1660 2716 artuus3
1693 2688 1750 2701 =

206 2748 420 2801 cultellus)
451 2746 496 2786 in
523 2745 671 2800 glossis
701 2744 840 2784 Oxon.
874 2741 1034 2796 kyllell,
1065 2740 1175 2794 plur.
1208 2739 1374 2794 kylleill
1403 2739 1524 2792 (sica)
1548 2739 1663 2778 Mab.
1688 2737 1745 2790 fq.

198 2817 397 2872 parchell
416 2816 656 2870 (porcellus)
680 2814 795 2854 Mab.
819 2815 857 2860 2,
880 2815 974 2850 241.
998 2815 1035 2859 3,
1059 2813 1154 2848 302.
1181 2823 1293 2849 corn.
1320 2809 1487 2849 collell.
1513 2807 1652 2849 kerhel
1670 2806 1744 2860 (gl.
