1897 3072
768 88 803 127 I.
867 101 981 128 soNI.
1615 90 1638 129 3

99 197 216 238 runis
238 198 440 238 scandicis
463 206 504 238 et
525 205 646 251 aptae
668 199 720 239 ad
741 198 1012 239 incidendum
1032 199 1077 239 in
1099 199 1263 253 lignum
1284 200 1350 239 vel
1370 199 1566 254 lapidem,
1592 209 1641 241 ut

99 268 371 322 alphabetum
410 269 632 318 Nemnivi,
646 268 667 290 ³¹⁵
697 269 831 309 dictae
868 270 1065 310 Ooelbren
1100 285 1127 324 y
1160 270 1327 320 bez'rcld,
1369 271 1640 324 alphabetum

99 339 354 388 Bai-dorum,
389 339 455 379 cui
486 339 711 393 opponitur
737 340 933 380 Coelbren
962 354 989 393 y
1016 339 1228 389 menm'cla,
1262 340 1533 393 alphabetum
1554 356 1640 380 mo-

98 409 329 448 nachorum
350 409 416 449 vel
437 424 670 449 romanum.
705 409 869 462 Figuris
892 409 1098 464 similibus
1117 410 1348 450 arbusculis
1366 412 1431 451 vel
1448 413 1641 451 arborum

99 487 140 518 et
169 479 369 520 fruticum
397 480 592 529 ramulis,
625 487 673 519 ut
703 487 802 519 sunt
822 494 953 520 runae
977 479 1217 529 scandicae,
1251 480 1376 521 etiam
1398 483 1556 522 Bai-dos
1579 482 1640 521 111-

98 549 286 589 bernicos
310 565 405 590 usos
427 564 538 599 esse,
567 550 664 590 inde
687 550 969 603 colligendum
991 557 1067 599 est,
1090 551 1201 603 quod
1222 552 1416 591 arborum
1436 553 1502 591 vel
1522 551 1641 591 fruti·

99 634 195 659 cum
231 620 403 660 nomina
439 620 616 673 singulis
646 619 862 659 literarum
890 619 1035 673 figuris
1066 620 1341 661 attribuentes
1371 622 1642 675 alphabetum

99 690 258 729 dictum
279 689 610 730 Betla-lm‘s-m'on
633 689 773 744 (bez'tlz
794 689 958 738 betula,
985 689 1066 729 Zm's
1087 690 1275 730 fraxinus
1297 698 1519 740 montana,
1545 691 1642 731 πίονι

97 759 285 799 fraxinus
308 762 407 811 etc.)
430 760 711 799 confecerunt.
752 760 806 798 In
826 758 928 798 haec
951 764 1092 798 tamen
1112 759 1238 799 latius
1261 760 1485 814 inquirere,
1510 761 1642 814 magis

97 836 160 870 est
180 828 523 883 palaeographiae
546 843 670 882 quam
697 828 1003 881 grammatices.

211 899 420 939 Sonorum
448 906 533 939 tam
561 898 872 939 hibernicorum
898 913 1024 951 quam
1052 899 1387 941 britannicorum
1408 901 1643 941 communis

97 969 326 1024 proprietas
348 984 396 1010 ea
417 976 492 1018 est,
525 970 636 1023 quod
657 983 678 1009 e
701 976 815 1008 statu
836 968 1073 1022 originario,
1100 970 1172 1024 qui
1193 971 1354 1010 eruitur
1376 971 1442 1011 vel
1463 985 1484 1011 e
1507 979 1643 1011 vetus-

98 1040 272 1080 tioribus
294 1039 578 1080 monumentis
601 1040 666 1079 vel
683 1039 992 1092 comparatione
1009 1040 1229 1094 utriusque
1245 1040 1415 1094 linguae
1433 1047 1520 1081 tam
1536 1041 1645 1081 inter

97 1124 140 1149 se
163 1125 288 1163 quam
309 1125 406 1150 cum
427 1109 583 1163 linguis
606 1110 817 1159 affinibus,
847 1110 1118 1163 expelluntur
1139 1111 1185 1151 in
1206 1111 1328 1152 certis
1346 1111 1640 1166 positionibus,

98 1187 400 1234 transeuntque
428 1181 474 1220 in
503 1181 604 1221 alios
635 1194 780 1229 801108,
815 1179 887 1233 qui
916 1188 1016 1221 sunt
1045 1182 1281 1222 secundarii
1301 1190 1342 1222 et
1363 1182 1446 1222 dici
1466 1190 1646 1235 possunt

97 1251 148 1290 ob
171 1250 446 1291 defectionem
467 1266 491 1290 a
512 1251 708 1304 primaria
728 1250 944 1304 genuitate
966 1252 1184 1292 alterati
1205 1252 1271 1292 vel
1295 1252 1347 1292 in
1357 1252 1499 1292 fecti.
1549 1253 1645 1296 Qua

97 1320 357 1370 evolutione,
392 1336 519 1374 quam
554 1336 630 1361 nos
668 1321 853 1361 dicemus
891 1320 1260 1372 infectionem,
1296 1329 1529 1375 tanguntur
1558 1329 1645 1362 tam

97 1390 282 1439 vocales,
317 1405 443 1444 quam
472 1405 700 1439 consonae,
735 1390 924 1443 quamvis
953 1392 1028 1431 fiat
1057 1391 1218 1432 diverso
1247 1393 1370 1432 niodo
1400 1392 1444 1432 in
1466 1400 1644 1446 utraque

96 1460 258 1513 lingua.
292 1461 547 1514 Tanguntur
568 1468 709 1501 autem
728 1460 960 1514 plurimum
981 1476 1260 1502 consonarum
1281 1462 1432 1502 classes
1451 1465 1644 1517 (excepta

96 1545 183 1570 una
205 1530 515 1584 aspiratarum),
538 1531 725 1585 apprime
747 1538 908 1580 tenues,
930 1546 1034 1584 quae
1051 1532 1102 1571 ab
1120 1533 1264 1572 eadem
1282 1532 1536 1585 subiguntur
1556 1548 1643 1573 non

97 1601 234 1640 solum
262 1601 307 1640 in
338 1601 474 1641 medio
496 1608 537 1640 et
557 1602 641 1640 fine
663 1615 834 1649 vocum,
871 1602 942 1641 sed
963 1601 1089 1641 etiam
1109 1601 1154 1641 111
1175 1602 1296 1643 initio
1318 1602 1577 1657 arripiuntur
1598 1604 1642 1644 in

97 1679 298 1711 contextu
320 1671 520 1711 sermonis
543 1672 775 1711 secundum
795 1671 961 1710 easdem
976 1671 1234 1724 positionum
1250 1672 1430 1725 regulas,
1452 1674 1641 1726 quamvis

96 1743 295 1782 accedant
316 1742 393 1781 hoc
415 1742 504 1781 1000
525 1741 714 1796 propriae
732 1735 936 1794 quaedam
952 1742 1120 1794 regulae
1138 1749 1178 1782 et
1195 1742 1441 1782 anomaliae.
1477 1744 1542 1783 De
1559 1758 1641 1797 qua

94 1811 320 1852 infectione
349 1827 627 1852 consonarum
656 1811 700 1851 in
724 1811 845 1851 initio
867 1826 1017 1851 vocum
1039 1826 1135 1865 ergo
1156 1811 1322 1866 proprio
1344 1812 1479 1866 capite
1501 1813 1639 1853 dicen—

95 1882 218 1930 dum,
252 1897 348 1922 cum
377 1890 474 1923 ante
502 1883 628 1923 fuerit
657 1882 817 1922 dictum
846 1883 896 1923 de
932 1881 1044 1922 801118
1075 1881 1252 1936 singulis
1282 1896 1508 1939 eorumque
1537 1883 1640 1924 infe-

97 1951 235 1993 ctione
258 1952 504 2006 specialiter.

96 2157 165 2190 qua
185 2158 219 2179 m
246 2147 335 2180 dura
363 2150 500 2180 servata
524 2150 646 2179 contra
670 2156 892 2179 communem
908 2145 1079 2190 regulam,
1101 2156 1172 2179 non
1191 2145 1331 2179 differre
1348 2146 1489 2180 videtur
1507 2147 1638 2180 cambr.

95 2201 180 2235 hod.
200 2203 244 2246 of
257 2202 298 2247 (fs
317 2214 482 2243 excussa,
511 2214 545 2234 m
562 2201 712 2242 infecta,
732 2202 927 2235 secundum
943 2202 1138 2247 regulam),
1168 2202 1381 2236 elementum
1396 2229 1404 2244 ‚
1431 2203 1527 2236 unde
1545 2204 1642 2237 varia

97 2258 266 2299 derivata,
288 2270 318 2292 e.
339 2270 391 2303 gr.
411 2258 483 2302 adj.
511 2257 589 2301 osus
610 2256 906 2303 (elementarius),
936 2258 1047 2291 subst.
1067 2258 1178 2303 ofydd
1195 2258 1334 2304 (doctus
1348 2285 1356 2301 ,
1377 2259 1638 2305 philosophus),

95 2314 299 2358 ofydclz'aetlz
327 2313 582 2359 (philosophia,
611 2313 787 2358 scientia).
824 2314 876 2347 Cf.
904 2318 939 2347 et
961 2314 1052 2358 gael.
1080 2315 1192 2348 subst.
1220 2314 1378 2348 oz'dlzeam
1398 2315 1458 2360 (sz
1482 2328 1545 2361 pro
1568 2317 1639 2361 911,-

95 2370 195 2412 liber,
216 2370 406 2411 institutio,
427 2369 625 2414 tractatus),
646 2369 717 2415 adj.
738 2369 961 2403 oz‘dlzeamach
981 2370 1148 2416 (idealis).

187 2427 204 2443 ⁷*
227 2427 282 2460 De
301 2438 370 2472 quo
388 2426 519 2459 videsis
545 2425 655 2471 praef.
676 2430 711 2459 et
744 2426 975 2471 appendicem
1000 2427 1106 2471 hujus
1132 2427 1260 2472 operis.
1291 2427 1476 2469 Coelbren,
1503 2428 1641 2473 lignum

96 2483 306 2524 memoriae,
334 2488 374 2516 ut
398 2483 570 2526 eoelfaen,
598 2481 687 2527 lapis
714 2482 916 2515 memoriae.
951 2482 1067 2527 Ligno
1093 2484 1264 2528 quachato
1282 2483 1410 2518 incisas
1429 2496 1504 2517 esse
1522 2484 1640 2518 literas

96 2551 117 2572 a
134 2539 259 2573 Bardis
278 2544 312 2573 et
329 2539 412 2573 inde
429 2550 559 2572 nomen
577 2538 723 2571 ductum
741 2538 919 2584 alphabeti
937 2539 1058 2581 incisi,
1087 2540 1212 2573 asserit
1229 2540 1395 2574 Owenus.
1435 2540 1503 2574 Sed
1522 2551 1641 2573 nonne

97 2595 203 2628 etiam
230 2596 384 2629 coelbren
409 2607 538 2629 nomen
564 2595 753 2640 singularis
777 2595 918 2638 literae,
946 2596 970 2630 i.
991 2608 1021 2630 e.
1040 2608 1177 2639 ramus,
1197 2596 1344 2631 baculus
1361 2596 1572 2637 memoriae,
1603 2600 1642 2629 ut

97 2661 207 2694 germ.
229 2651 393 2685 buohstab
413 2652 572 2697 (baculus
590 2651 712 2696 libro?
