1897 3072
210 128 263 163 lv
846 124 1105 159 PRAEFATro.

214 239 432 297 linguae,
475 234 815 295 incipientium
841 250 867 277 a
894 231 1082 277 saeculo
1109 235 1306 289 quarto,
1339 235 1569 290 superant
1594 237 1759 276 tamen

212 316 343 360 haud
382 314 528 359 dubie
577 318 785 358 aetatem
827 314 1251 356 monumentorum
1294 308 1500 354 slavicae
1537 308 1753 370 linguae.

213 393 463 455 Ejusmodi
489 408 547 436 ex
574 390 898 436 monumentis
925 394 1225 433 exstructum
1251 393 1323 433 est
1346 389 1438 432 hoc
1463 404 1600 448 opus.

348 472 417 516 Ut
440 471 636 532 linguae
657 470 910 514 nationum
934 465 1265 525 frequentium
1291 472 1339 512 et
1362 466 1460 511 late
1484 466 1759 526 patentium

212 551 399 596 variant
415 548 784 593 formationibus
803 556 850 591 et
870 545 1104 598 dialectis,
1124 546 1194 590 ita
1211 545 1357 590 etiam
1375 544 1546 605 lingua
1566 544 1752 597 celtica,

212 636 265 674 ut
286 626 604 673 communiter
626 626 802 670 dicitur
824 631 1041 670 extrema
1054 625 1173 669 haec
1195 625 1246 669 in
1265 624 1530 675 occidente,
1553 623 1760 668 varieta-

213 714 309 752 tem
331 722 464 751 suam
484 704 720 764 explicuit
731 704 834 764 jam
849 705 908 749 ab
930 702 1143 761 antiquis
1162 703 1477 763 temporibus.
1520 704 1659 754 Quae
1677 719 1760 748 va-

212 786 354 830 rietas
369 783 561 843 cognita
579 783 757 843 estjam
774 781 967 826 Caesari
982 781 1163 825 dicenti
1181 781 1254 842 (B.
1275 781 1390 841 gall.
1414 782 1455 833 1,
1478 781 1539 842 1),
1560 781 1752 842 Belgas,

212 864 501 923 Aquitanos,
527 861 687 906 Celtas
713 860 972 905 *vchallos
999 860 1183 920 lingua,
1204 859 1456 913 institutis,
1478 860 1667 920 legibus
1685 860 1761 905 in-

214 951 284 989 ter
305 958 352 987 se
367 940 574 993 differre,
599 946 645 985 ct
666 940 837 984 melius
855 939 1080 984 Straboni
1098 938 1198 998 (lib.
1218 939 1263 989 4,
1280 955 1330 998 p.
1355 939 1481 1000 176),
1503 939 1588 997 qui
1602 938 1761 997 Aqui-

212 1030 347 1066 tanos
382 1019 576 1065 0111111110
613 1018 822 1063 diversos
860 1035 888 1063 a
912 1017 1068 1062 Gallis
1106 1023 1154 1062 et
1188 1018 1574 1063 adnumerandos
1608 1017 1763 1062 Iberi-

212 1102 317 1152 bus,
360 1098 527 1143 Gallos
554 1104 716 1142 autem
753 1097 881 1157 ipsos
912 1096 1115 1156 paulum
1144 1096 1314 1156 lingua
1347 1096 1539 1141 differre
1579 1095 1760 1157 (μικρὸν

214 1177 616 1241 παραλλάττοντας
647 1181 750 1226 ταῖς
783 1174 1019 1236 γλώτταις)
1063 1175 1287 1220 affirmat.
1351 1174 1444 1219 Cui
1481 1174 1519 1219 si
1545 1175 1754 1228 additur,

213 1258 341 1317 quod
368 1255 534 1301 asserit
559 1254 756 1299 Tacitus
786 1253 968 1315 (Ag-ric,
1007 1253 1079 1314 11)
1100 1291 1107 1306 ,
1149 1253 1405 1299 Gallorum
1430 1259 1479 1299 et
1503 1253 1763 1299 Britanno-

212 1353 320 1381 rum
340 1350 607 1380 sermonem
632 1335 765 1379 haud
790 1332 1001 1378 multum
1027 1332 1293 1386 diversum,
1335 1337 1626 1383 statuemus,
1659 1332 1763 1377 dia-

213 1415 448 1460 lectorum
474 1413 757 1458 varietatem
782 1412 997 1470 aliquam
1024 1411 1264 1457 exstitisse
1292 1411 1491 1470 quidem
1516 1411 1567 1456 in
1593 1410 1764 1471 lingua

214 1493 461 1538 Celtarum
492 1491 761 1552 (Gallorum
788 1492 847 1536 ab
868 1490 1156 1535 occidentali
1178 1490 1405 1549 Sequana
1430 1495 1478 1534 et
1495 1489 1756 1549 Matrona),

213 1572 477 1632 Belgarum
518 1570 592 1630 (ab
619 1569 802 1614 oriente
828 1570 1093 1615 eorundem
1118 1568 1390 1630 fluminum)
1433 1574 1481 1614 et
1506 1568 1765 1614 Britanno—

215 1667 337 1702 rum,
379 1665 475 1693 11011
501 1654 664 1693 tamen
701 1654 910 1699 tantam,
951 1653 1007 1692 ut
1041 1648 1167 1691 inter
1191 1648 1278 1692 hos
1303 1647 1507 1706 populos
1533 1646 1764 1692 sermonis

216 1727 556 1774 commercium
583 1741 683 1771 esse
708 1741 806 1771 non
827 1725 1056 1785 potuerit.
1105 1724 1181 1769 Ex
1202 1740 1258 1769 ea
1279 1730 1436 1769 aetate
1456 1730 1642 1770 servata
1660 1740 1760 1769 esse

216 1808 414 1853 nomina
439 1805 630 1866 gallica,
662 1804 867 1864 belgica,
899 1803 1174 1849 britannica
1194 1803 1422 1856 virorum,
1452 1804 1756 1863 oppidorum,

217 1886 490 1938 fluviorum,
522 1883 799 1944 plantarum
826 1889 874 1928 et
898 1898 1053 1942 pauca
1078 1882 1225 1926 etiam
1250 1882 1486 1927 vocabula
1511 1899 1538 1927 a
1563 1882 1764 1942 scripto-

216 1965 349 2010 ribus
375 1963 556 2025 graecis
583 1967 631 2007 et
654 1961 840 2013 latinis,
884 1960 1067 2005 nemini
1092 1961 1344 2006 vetustatis
1370 1977 1520 2021 gnaro
1545 1960 1766 2021 incogni-

218 2050 322 2089 tum
354 2049 441 2088 est.
506 2042 583 2086 Ex
620 2041 678 2086 iis
709 2039 992 2086 varietatem
1037 2039 1235 2101 linguae
1284 2039 1584 2100 deprehendi
1624 2054 1764 2100 posse

216 2138 357 2167 nemo
383 2121 611 2182 sperabit.

354 2201 654 2246 Varietatem
686 2199 830 2258 longe
865 2197 1096 2259 majorem
1134 2204 1451 2243 monumenta
1489 2198 1667 2258 scripta
1703 2198 1764 2243 ab

218 2279 459 2339 indigenis
506 2279 651 2324 totius
685 2276 867 2339 gentis,
929 2293 957 2321 a
998 2277 1111 2323 viris
1152 2293 1249 2322 non
1283 2277 1439 2322 solum
1479 2275 1765 2322 britannicis

220 2358 302 2401 sed
328 2357 474 2401 etiam
499 2356 786 2409 hibernicis,
828 2358 1145 2416 comprobant
1177 2356 1290 2400 inde
1328 2372 1355 2400 a
1381 2355 1571 2400 saeculo
1597 2360 1765 2400 octavo

219 2435 297 2480 vel
321 2451 464 2480 nono.
529 2434 667 2480 Libri
702 2435 989 2487 britannici,
1034 2442 1133 2480 tam
1167 2434 1395 2478 cambrici
1430 2449 1576 2492 quam
1610 2448 1766 2478 armo-

218 2514 330 2567 rici,
365 2513 469 2574 jam
495 2529 550 2558 eo
577 2518 790 2573 tempore
816 2513 868 2557 in
892 2512 1045 2565 sonis,
1085 2512 1170 2571 qui
1196 2518 1470 2571 congruunt
1503 2528 1614 2556 cum
1639 2511 1766 2556 sonis

220 2592 470 2637 nominum
507 2591 890 2637 britannicorum
922 2590 1241 2635 vetustiorum
1267 2594 1316 2634 et
1340 2590 1653 2650 gallicorum,
1695 2594 1767 2634 at-

221 2684 314 2726 que
348 2671 399 2715 in
431 2669 596 2716 formis
628 2669 954 2731 grammaticis
991 2674 1174 2714 tantam
1210 2668 1533 2714 differentiam
1567 2683 1682 2729 prae
1717 2683 1766 2713 se

219 2746 382 2793 ferunt
418 2766 446 2794 a
483 2749 608 2795 sonis
649 2754 697 2793 et
730 2746 896 2793 formis
931 2747 1217 2807 scriptorum
1252 2747 1615 2793 hibernicorum
1640 2746 1768 2808 ejus-

219 2825 327 2869 dem
354 2828 602 2887 temporis,
634 2832 690 2872 ut
713 2826 849 2872 nullo
887 2827 1028 2870 modo
1062 2826 1209 2871 statui
1240 2826 1389 2885 possit
1422 2826 1548 2871 inter
1574 2826 1767 2871 Britan-
