1897 3072
473 115 509 154 I.
550 120 585 154 1.
639 127 825 154 vommzs
852 126 1147 154 ssRITANNICAE
1172 127 1349 154 BREVES.
1633 113 1686 153 97

252 228 273 268 Ι
286 243 314 268 11
326 227 530 269 fection
543 243 585 278 e,
618 242 723 282 quae
752 229 801 268 fit
831 235 871 267 et
900 226 1134 267 britannice
1165 242 1188 267 a
1211 233 1412 281 sequente
1434 225 1452 267 i
1470 227 1536 267 vel
1557 242 1577 267 e
1599 234 1689 267 orta

139 313 191 339 ex
220 297 259 347 i,
295 314 320 338 α
348 307 537 353 correpta
564 306 753 339 mutatur
781 298 825 338 in
848 299 898 338 E.
942 298 1110 339 Vocalis
1142 298 1334 339 inficiens
1367 305 1408 338 et
1438 297 1530 348 hic,
1565 306 1613 339 ut
1644 298 1688 339 in

139 369 284 423 lingua
306 370 534 419 hibernica,
565 369 729 424 saepius
752 368 906 409 decidit
927 369 992 409 vel
1014 369 1170 410 coaluit
1191 384 1287 410 cum
1308 368 1442 409 vocali
1463 369 1628 410 radicis.

254 455 286 495 C
300 455 411 495 amb
424 455 500 495 ric
513 470 554 495 e:
592 470 642 495 eu
663 454 708 494 in
729 454 1018 508 frequentibus
1041 452 1283 495 nominibus
1304 453 1483 507 propriis
1506 453 1691 494 virorum

140 526 335 566 derivatis
357 526 423 566 vel
445 525 684 579 compositis
707 540 758 565 ex
776 525 846 565 ari
862 525 931 575 (cf.
952 525 1184 565 Avicantus
1202 524 1246 564 in
1263 523 1462 578 Inscript.
1483 525 1687 565 Nemaus.

140 597 270 637 Orell.
299 598 442 649 2033).
462 596 483 617 *
513 602 612 637 eunt
632 596 706 651 (gl.
733 612 911 651 aequus;
947 595 1179 645 emelzz'nsz'c,
1206 594 1363 649 justus,
1388 594 1433 635 in
1453 596 1612 636 Vocab.
1636 617 1693 630 =

141 666 383 715 θηηΐῖιίηΐῖσ,
419 667 491 720 qui
513 682 657 720 aequa,
687 667 803 720 justa
826 667 891 707 via
913 667 1119 721 procedit)
1151 667 1209 720 gl.
1236 667 1375 707 Oxon.
1402 682 1454 706 ex
1476 673 1598 708 avent
1618 667 1688 720 (cf.

140 738 232 777 Dea
246 737 425 777 Aventia
445 738 578 777 Inscr.
601 738 730 778 Orell.
755 742 850 777 363.
875 742 970 777 369.
995 743 1089 787 370,
1116 738 1228 777 unde
1245 737 1513 787 Aventicum,
1538 753 1693 779 nomen

141 807 318 862 oppidi).
336 807 440 861 peri
460 808 600 860 (infin.
626 808 741 848 verbi
752 823 927 862 param,
944 808 1099 863 paras,
1126 807 1276 856 efficio,
1303 809 1415 848 unde
1436 823 1591 849 nomen
1613 811 1693 850 Pa-

140 878 241 928 risii,
270 878 419 928 Parisi,
445 879 646 928 efficaces,
674 879 853 933 strenui)
873 881 988 920 Mab.
1010 880 1067 934 fq.
1094 893 1181 919 emo
1204 880 1398 929 (nomen3
1423 879 1587 920 hibern.
1607 888 1691 920 vet.

142 949 276 1003 aium)
306 950 422 990 Mab.
453 954 495 999 1,
525 954 620 990 235.
656 950 808 1006 cledyf
831 951 1035 1005 (gladius3
1070 950 1234 990 hibern.
1260 957 1343 990 vet.
1371 950 1550 1003 claideb)
1574 951 1691 991 Mab.

141 1020 198 1074 fq.
244 1020 479 1074 Porrigitur
510 1021 679 1062 infectio
710 1021 755 1062 in
787 1037 811 1062 α
842 1030 1075 1076 correptam
1102 1022 1281 1061 duarum
1303 1021 1558 1076 syllabarum
1579 1028 1695 1062 ante-

142 1092 400 1132 cedentium:
424 1092 817 1145 ete2·2'2222(v01um·is;
840 1107 891 1132 ex
909 1099 1005 1133 atem·
1021 1093 1201 1142 collect„
1224 1093 1500 1146 adarMab.),
1523 1092 1697 1133 lemem‘c

143 1163 218 1216 (gl.
241 1163 371 1212 salax,
398 1177 419 1202 e
436 1164 548 1203 verb.
577 1163 789 1213 lammam,
814 1163 872 1217 gl.
894 1164 1015 1217 salio)
1037 1164 1095 1218 gl.
1117 1163 1257 1204 Oxon.
1283 1163 1576 1204 Brechem'azcc
1597 1162 1692 1203 Lib.

142 1235 279 1274 Land.
303 1238 380 1273 227
399 1255 456 1267 =
471 1234 585 1287 regio
603 1234 828 1275 Brachcmi
847 1234 963 1287 (hod.
985 1233 1228 1287 Brecknok)
1247 1234 1348 1275 ibid.
1372 1239 1468 1275 210.
1495 1234 1699 1289 kedernyt

144 1304 362 1355 (securitas
386 1304 468 1358 adj.
494 1304 683 1354 kadarn,
708 1306 873 1358 firmus)
898 1306 1013 1345 Mab.
1044 1310 1080 1355 1,
1109 1309 1204 1345 249.
1239 1306 1402 1360 meneyi
1428 1307 1692 1357 (monstrare,

143 1375 292 1425 dicere,
314 1390 335 1415 e
352 1376 439 1415 rad.
460 1378 632 1429 manaq)
652 1377 766 1416 Mab.
787 1376 844 1429 fq.
877 1376 999 1416 Duco
1016 1376 1099 1416 huc
1116 1384 1156 1416 et
1178 1376 1318 1416 locum
1335 1376 1379 1416 in
1397 1378 1513 1416 Mab.
1533 1381 1570 1425 2,
1590 1381 1667 1416 212
1684 1393 1691 1417 :

143 1447 290 1500 medyr
311 1446 385 1485 ¹cab
408 1446 657 1500 melleredycl
675 1446 836 1486 (metrei
856 1447 901 1499 (J
904 1446 1075 1486 aculans
1091 1446 1204 1486 filius
1221 1447 1248 1486 J
1251 1447 1472 1487 aculatoris
1491 1448 1563 1501 qui
1578 1448 1696 1502 jacu-

142 1519 351 1570 labatur),
388 1516 506 1571 cujus
530 1516 662 1557 tribus
690 1516 860 1556 vocibus
892 1516 1077 1570 subjacet
1098 1517 1278 1558 formula
1299 1518 1446 1559 meteri
1463 1540 1520 1552 =
1540 1519 1700 1559 matari

145 1588 355 1641 (mutaris,
377 1588 509 1627 telum
526 1589 591 1628 vel
607 1588 764 1628 missile
780 1588 995 1642 gallicum,
1013 1602 1080 1641 ap.
1098 1587 1191 1627 Liv.
1212 1593 1248 1637 7,
1269 1591 1318 1627 24
1335 1605 1345 1638 3
1367 1589 1544 1630 mutaris
1564 1596 1696 1630 trans-

144 1659 299 1714 alpina,
326 1659 452 1698 Auct.
478 1659 531 1698 ad
551 1659 762 1709 Herenn.,
788 1665 955 1700 matam
974 1660 1120 1707 Caes.;
1146 1658 1199 1698 cf.
1225 1659 1397 1700 nomina
1418 1667 1583 1700 vetusta
1605 1661 1695 1700 Me-

144 1729 392 1778 diomatrici,
419 1728 611 1782 Matre-ja,
638 1730 868 1783 Matrona).

256 1799 424 1845 Vocalis
454 1799 645 1839 inficiens
676 1800 858 1841 radicem
884 1800 1047 1842 intrans
1076 1815 1172 1840 cum
1201 1801 1334 1841 vocali
1355 1800 1509 1842 infecta
1531 1801 1695 1856 saepius

144 1870 272 1911 efficit
303 1870 656 1911 combinationem
684 1871 766 1910 EI:
803 1871 891 1912 lcev's
929 1872 1158 1926 (quaestio,
1195 1871 1420 1926 expeditio,
1456 1876 1694 1927 aggressus)

145 1942 261 1981 Mab.
299 1945 344 1991 2,
383 1945 486 1991 372,
521 1942 633 1981 unde
672 1942 786 1981 verb.
823 1941 998 1983 kee'ssaw
1040 1945 1279 1997 (quaerere,
1309 1964 1367 1977 =
1397 1943 1604 1991 kassiaw,·
1639 1944 1691 1983 cf.

145 2011 486 2053 Cassivellaunus
518 2020 559 2054 et
588 2027 702 2054 nom.
738 2027 921 2067 compos.
958 2028 1111 2054 -casses
1141 2028 1184 2068 p.
1212 2016 1283 2067 57)
1316 2015 1432 2055 Mab.
1457 2014 1515 2068 fq.
1556 2014 1695 2056 breiclc

239 2227 255 2242 ⁷*
279 2226 419 2259 Nomen
437 2226 552 2260 adhue
571 2228 716 2262 obvium
733 2228 770 2262 in
789 2229 909 2263 Chart.
930 2229 1097 2263 Rhedon.
1113 2243 1120 2264 z
1141 2229 1288 2263 Eueant
1303 2230 1397 2264 Mor.
1418 2234 1496 2274 307,
1517 2231 1554 2266 in
1572 2243 1642 2277 quo
1661 2237 1695 2267 et

146 2283 215 2317 alia
233 2294 312 2316 cum
331 2283 453 2316 eadem
471 2295 556 2317 voce
576 2286 771 2330 composita
780 2287 932 2320 Eecbodzc
949 2286 1002 2319 M.
1025 2288 1102 2320 323.
1122 2287 1251 2320 Endon
1274 2290 1302 2328 1,
1317 2289 1371 2321 20.
1393 2291 1424 2330 2,
1437 2291 1493 2323 21.
1512 2290 1695 2323 Eamome

146 2342 177 2381 2,
199 2342 253 2373 22.
273 2340 462 2373 ΕιιΙιοίανη
482 2344 511 2382 1,
533 2344 565 2374 4.
587 2343 619 2375 S.
640 2344 672 2384 2,
696 2345 748 2376 13.
784 2343 876 2376 Item
903 2343 1078 2376 cambriea
1103 2344 1140 2378 in
1167 2344 1276 2377 Libro
1294 2345 1429 2380 Land.:
1457 2347 1595 2381 Eadem
1617 2350 1692 2381 181.

145 2398 264 2431 Ειιίιιέ
281 2399 359 2431 264.
387 2398 560 2443 Ezctt'yt'rn
582 2401 655 2432 133.
680 2402 755 2433 136.
777 2401 854 2441 235,
876 2404 911 2433 et
928 2399 1003 2433 sine
1021 2399 1232 2435 infectione:
1266 2401 1397 2436 Occclem
1419 2406 1495 2437 176.
1526 2404 1692 2445 Oudocui,

151 2454 334 2487 Oucloelan'
358 2456 433 2487 1-17.
464 2457 542 2489 212.
590 2456 799 2490 Derivatum
824 2455 907 2490 inde
932 2466 1061 2490 nomen
1088 2455 1374 2502 vulgatissimum
1405 2461 1528 2502 Owen,
1561 2461 1690 2502 Owein,

150 2509 272 2543 Ywein
294 2510 350 2554 (=
368 2511 536 2557 Avinus),
551 2513 650 2558 cujus
669 2513 801 2547 formae
819 2513 856 2546 in
868 2514 909 2546 L.
921 2513 1034 2547 Land.
1047 2514 1199 2559 Ezcyzcen
1221 2517 1296 2549 196.
1316 2516 1457 2561 Ezcyez'n
1470 2519 1548 2551 213.
1569 2519 1595 2551 I
1591 2518 1693 2562 quein

147 2568 226 2600 231.
251 2566 387 2611 Yuyez'n
406 2570 484 2602 229.
506 2571 583 2603 230.
615 2570 730 2604 Yuein
748 2572 826 2604 226.
858 2570 969 2604 Occez'n-
988 2572 1065 2604 214.
1087 2573 1163 2605 236.
1192 2573 1364 2617 Anffln'mz
1382 2576 1459 2615 236,
1481 2579 1515 2608 et
1533 2575 1569 2608 in
1588 2574 1695 2608 Char-

146 2622 212 2656 tul.
233 2623 371 2658 Rhed.=
407 2625 518 2659 Ewen
548 2629 577 2668 1,
606 2630 638 2661 5.
668 2629 723 2661 32.
759 2627 874 2660 Ewon
894 2630 923 2669 1,
954 2631 985 2661 5.
1007 2630 1039 2661 6.
1070 2628 1164 2662 Mor.
1191 2631 1254 2663 293
1282 2635 1317 2664 et
1346 2631 1449 2665 Owen
1476 2632 1512 2665 in
1539 2643 1693 2677 compos.

146 2679 292 2712 Riozcen
314 2682 341 2721 1,
363 2683 396 2714 6.
423 2683 615 2717 Haelozcen
640 2684 693 2717 M.
714 2686 792 2718 305.
831 2684 1015 2729 Significat
1032 2696 1162 2719 nomen
1180 2686 1294 2721 virum
1313 2688 1516 2734 impigrum,
1545 2689 1695 2734 diligen-

148 2741 230 2777 tem,
262 2736 489 2782 vigilantem;
518 2746 571 2774 est
599 2740 693 2774 enim
718 2741 800 2786 equi
826 2741 931 2786 (inter
957 2742 1102 2776 nomina
1129 2742 1309 2789 alphabeti
1327 2739 1508 2791 Nemnivi')
1536 2745 1573 2779 in
1599 2746 1693 2780 Buh.

149 2804 228 2826 cum
253 2794 376 2838 partie.
407 2795 579 2840 privativa
604 2797 729 2842 clz'egsuy
758 2797 1015 2843 (indiligentia,
1043 2800 1200 2846 pigritia)
1232 2804 1292 2842 72,
1327 2804 1364 2842 1,
1395 2806 1429 2835 et
1456 2803 1553 2836 verb.
1583 2803 1693 2837 deriv.

149 2850 292 2884 ezeezhat
311 2851 483 2897 (vigilare)
505 2856 559 2894 90,
584 2856 635 2887 12.
667 2855 722 2888 De
740 2855 930 2901 scriptione
945 2869 1005 2900 qa,
1028 2870 1083 2901 ny,
1107 2870 1175 2902 ussa
1193 2877 1237 2886 Ξ
1257 2871 1285 2891 w
1304 2858 1433 2892 videsis
1453 2860 1518 2893 sub
1537 2861 1579 2894 V.

215 2917 298 2941 vox..
320 2908 349 2941 Ι.
1372 2921 1391 2956 7
