1840 2979
567 662 1165 730 PRAEFATIO.

217 940 475 1021 Linguae,
508 975 633 1019 quae
659 959 787 1005 inter
821 963 1050 1018 cognatas
1077 957 1270 1019 linguas
1297 959 1358 1003 ab
1385 958 1529 1003 India
1552 974 1638 1019 per

82 1041 253 1087 Asiam
290 1046 338 1087 et
374 1042 621 1102 Europam
657 1041 882 1087 dilatatas
919 1046 1137 1085 extrema
1171 1046 1243 1086 est
1277 1041 1329 1086 in
1364 1040 1630 1094 occidente,

83 1126 332 1174 naturam,
386 1121 673 1167 varietatem
716 1120 992 1179 formasque
1035 1135 1060 1164 e
1101 1117 1424 1164 fundamento
1467 1136 1638 1165 monu-

83 1205 358 1245 mentorum
394 1200 693 1246 exstantium
740 1204 1042 1245 vetustorum
1081 1214 1323 1258 exponere
1361 1200 1632 1259 aggredior.

85 1280 248 1340 Opera
271 1280 647 1339 perscrutandae
668 1278 875 1331 indicae,
904 1283 1150 1322 extremae
1178 1277 1397 1338 ejusdem
1422 1276 1637 1324 familiae

84 1356 136 1402 in
152 1357 286 1409 Asia,
319 1372 416 1414 qua
434 1357 703 1417 plurimum
722 1356 844 1402 lucis
864 1357 1145 1417 linguarum
1175 1356 1394 1400 affinium
1420 1357 1638 1402 omnium

86 1436 316 1481 scientiae
343 1434 636 1480 addiderunt
662 1435 752 1481 viri
777 1435 922 1487 docti,
955 1434 995 1479 si
1019 1435 1185 1496 magni
1205 1450 1393 1494 semper
1412 1435 1638 1481 habenda

85 1521 181 1567 est,
222 1530 319 1559 non
344 1513 481 1573 parvi
508 1514 654 1559 etiam
680 1514 771 1559 erit
796 1513 1095 1559 aestimanda
1127 1529 1273 1573 opera
1308 1530 1389 1565 ea,
1432 1529 1529 1572 qua
1553 1515 1639 1559 fiat

85 1591 290 1637 facultas
327 1592 618 1652 inspiciendi
651 1592 784 1653 leges
817 1592 1016 1652 linguae
1051 1591 1261 1637 nationis
1298 1590 1478 1637 fractae
1504 1592 1637 1638 illius

86 1671 285 1730 quidem
303 1670 408 1731 jam
443 1672 651 1723 dudum,
696 1672 780 1717 sed
815 1670 1048 1716 latissime
1082 1672 1327 1729 quondam
1361 1687 1448 1730 per
1483 1671 1638 1716 Euro-

84 1766 196 1809 pam
232 1750 470 1808 patentis‚
512 1750 649 1812 cujus
687 1750 885 1811 linguae
922 1751 1099 1795 rudera
1133 1750 1242 1794 ideo
1271 1766 1368 1794 non
1394 1766 1500 1795 rara
1525 1759 1638 1796 sunt

78 1827 181 1888 jam
230 1843 258 1872 a
300 1828 501 1874 vetustis
547 1829 868 1889 temporibus,
931 1834 1078 1889 atque
1126 1829 1271 1874 hodie
1316 1845 1511 1888 quoque
1553 1846 1637 1874 ex-

84 1911 213 1951 stant
238 1906 289 1950 in
315 1906 421 1952 aliis
446 1908 796 1953 recentioribus
821 1908 1021 1968 linguis.
1064 1908 1175 1959 Qua
1195 1924 1341 1967 opera
1357 1908 1505 1953 etiam
1524 1910 1637 1954 sub-

84 1990 297 2029 struetur
321 1983 695 2032 fundamentum
720 1987 1063 2033 vocabulorum
1102 1986 1218 2032 moli
1242 1987 1425 2032 recenti
1451 1987 1529 2032 vel
1554 1989 1639 2033 ad·

84 2064 180 2109 huc
207 2064 453 2124 superstiti
479 2065 582 2126 ejus
603 2066 761 2125 gentis
781 2066 832 2111 in
861 2065 1043 2127 linguis
1064 2065 1327 2117 hodiernis,
1361 2065 1629 2120 hibernica,

85 2141 295 2201 gaehca,
329 2143 596 2194 cambrica‚
628 2145 878 2191 armorica.

215 2220 275 2264 In
292 2220 485 2281 linguas
500 2222 754 2268 nationum
771 2224 1009 2285 majorum
1026 2226 1311 2277 vicinarum,
1330 2226 1636 2285 germanicae

86 2302 135 2343 et
153 2297 375 2351 slavicae,
393 2299 498 2360 jam
518 2300 807 2359 inquisitum
829 2318 930 2348 esse
950 2310 1249 2364 perscrutato
1273 2306 1443 2350 eodem
1461 2303 1637 2350 funda—

85 2385 248 2421 mento
262 2377 490 2423 historico
508 2386 948 2435 monumentorum,
964 2383 1147 2429 nemini
1167 2400 1316 2445 gnaro
1337 2384 1637 2429 eruditorum

85 2455 364 2501 recentioris
400 2459 571 2504 aetatis
602 2459 823 2505 laborum
848 2460 1072 2522 ignotum
1107 2468 1194 2508 est.
1258 2463 1465 2508 Nostrae
1491 2463 1635 2523 hujus

87 2538 332 2580 extremae
351 2535 403 2581 in
423 2537 672 2584 occidente
692 2539 890 2600 linguae
913 2546 1230 2586 monumenta
1250 2548 1440 2587 vetusta
1460 2541 1638 2601 scripta

88 2626 117 2654 a
140 2611 254 2657 viris
289 2613 555 2675 indigenis,
598 2618 784 2664 ratione
822 2635 919 2664 non
955 2620 1124 2666 habita
1148 2621 1401 2666 nominum
1427 2623 1637 2664 servato-

87 2704 195 2734 rum
221 2707 249 2735 a
274 2692 586 2752 scriptoribus
611 2698 980 2752 vetustioribus,
1012 2699 1196 2761 graecis
1223 2706 1271 2744 et
1295 2698 1474 2751 latinis,
1507 2703 1639 2743 aeta-

88 2772 186 2812 tem
223 2770 419 2827 quidem
455 2790 552 2820 non
585 2776 834 2837 attingunt
871 2783 1294 2823 monumentorum
1334 2777 1637 2837 germanicae
