1897 3072
226 91 262 129 Ι.
290 93 327 128 2.
373 101 596 129 CONSONAE
619 99 918 128 BRITANNICAE
940 100 1219 128 INCIIOANTES
1242 102 1526 131 PRIMI'HVAE.
1608 93 1681 132 20l

144 217 240 244 cum
270 217 390 256 pron.
424 216 602 256 possess.
639 214 742 250 arn,
779 201 898 255 cujus
929 216 956 242 η
987 201 1237 242 excutienda
1269 210 1331 242 est
1362 212 1459 244 ante
1503 212 1687 255 tenuem,

142 274 176 314 si
207 273 454 314 scriberetur
486 280 533 312 ut
565 271 878 325 pronuntiatur,
906 278 1014 312 esset
1038 286 1089 311 ar
1111 271 1252 312 bdz'sde
1275 272 1396 325 (liber
1417 278 1593 329 noster),
1620 278 1692 317 sed

141 345 331 385 scribunt
352 343 544 383 hodierni
565 357 615 382 α)-
637 341 822 395 bpciz'sde,
843 357 894 382 ar
916 342 1120 395 b—pciv'scle.
1157 344 1287 383 Porro
1309 359 1383 398 pro
1405 360 1455 385 ar
1476 348 1545 386 dir
1567 349 1694 395 (terra

142 422 285 456 nostra
298 432 307 463 ;
333 415 497 455 hibern.
524 419 607 452 vet.
634 426 684 451 ar
707 414 779 465 dir)
803 412 996 453 scribitur
1018 428 1068 453 ar
1089 414 1188 463 dtir,
1215 429 1266 454 ar
1287 416 1418 464 cl-te'7·,·
1452 431 1527 470 pro
1549 433 1605 458 na
1627 433 1693 458 cos

144 487 335 541 (pedum)
368 501 423 526 mc
456 500 567 539 9003,
593 499 648 524 na
681 498 812 537 y—cos‚
845 499 920 538 pro
951 484 1019 524 iar
1050 484 1155 538 yez’lt
1183 485 1295 539 (post
1326 487 1593 541 celationem)
1627 488 1695 528 τάν

139 558 279 612 yeev'lt,
307 557 375 597 iar
401 555 560 610 q-cev‘lt.
606 554 774 594 Patitur
802 555 1118 595 destitutionem
1146 563 1241 609 post
1262 556 1354 597 illas
1377 559 1545 599 voculas
1568 559 1694 599 etiam

130 629 178 683 f,
205 643 310 681 quae
342 626 535 667 scribitur
566 640 662 665 cum
694 625 715 664 b
746 625 809 664 vel
840 625 906 674 bk,
931 626 1233 679 pronuntiatur
1254 634 1397 668 autem
1417 644 1438 669 v
1462 629 1526 669 vel
1548 644 1611 670 w:
1644 644 1694 670 ar

131 699 232 754 fail
260 697 448 751 (sanguis
479 699 653 749 noster),
678 695 1002 749 pronuntiatum
1033 711 1084 735 ar
1109 696 1239 746 blmz’l,
1267 698 1471 752 scriptum
1491 715 1542 739 ar
1563 700 1689 754 bfuil,

143 784 193 809 m·
229 767 400 822 bks-fail.
454 767 481 806 S
519 766 722 805 inchoans
759 766 1120 806 substantivorum
1154 767 1199 807 in
1235 768 1419 818 casibus,
1460 770 1504 810 in
1541 771 1693 824 quibus

142 838 352 886 inficitur,
392 851 466 891 pro
503 836 561 886 2'22,
587 835 665 876 ind
697 836 830 877 forma
858 837 1024 877 articuli
1060 837 1104 877 in
1135 838 1227 878 aliis
1257 838 1552 892 junctionibus
1582 850 1695 882 amat

144 918 241 951 ante
263 924 305 949 se
337 908 400 949 int
424 908 513 962 jam
545 907 590 947 in
610 914 777 948 vetusta
798 908 945 962 lingua
975 916 1016 948 et
1047 908 1170 949 hodie
1193 924 1358 964 quoque
1380 918 1480 960 ant;
1514 919 1576 952 est
1598 927 1695 966 crgo

142 981 187 1021 in
218 979 410 1033 exemplo
441 978 604 1018 hibern.
631 984 705 1019 ant
739 979 824 1020 slat
854 978 1029 1032 (virga),
1062 994 1193 1034 aeque
1215 989 1263 1021 ut
1294 981 1338 1022 in
1369 982 1476 1035 gael.
1510 988 1585 1023 ant
1612 983 1700 1023 s'zzz‘l

143 1052 342 1104 (oculus),
365 1064 471 1103 quae
493 1049 682 1090 scribunt
702 1049 895 1090 hodierni
916 1065 971 1090 cm
994 1051 1106 1100 tslat,
1128 1067 1183 1092 cm
1202 1053 1334 1102 t-slat,
1355 1069 1411 1094 cm
1430 1053 1551 1093 t-sekz’l
1569 1061 1695 1107 atque

142 1123 422 1163 adnumerant
439 1120 641 1174 exemplis
659 1120 874 1175 eclipseos,
890 1121 952 1161 nil
969 1121 1051 1161 nisi
1067 1121 1237 1162 infectio
1254 1124 1438 1178 aspirata
1454 1124 1521 1164 vel
1536 1123 1691 1164 mollis.

256 1193 376 1232 Haec
408 1191 623 1232 hibernica
654 1192 859 1232 recentior
888 1192 1036 1246 lingua
1058 1193 1242 1234 excoluit
1264 1195 1540 1235 solummodo.
1586 1195 1695 1235 Gae-

142 1264 223 1303 lica
243 1277 319 1302 nec
340 1262 498 1302 medias
520 1277 597 1302 nec
621 1270 767 1302 tenues
792 1263 927 1316 tangit
948 1263 993 1303 in
1015 1264 1161 1303 eodem
1183 1264 1282 1314 situ,
1304 1266 1376 1305 sed
1396 1266 1533 1320 perdit
1554 1282 1581 1306 n
1602 1282 1695 1320 par—

144 1334 369 1374 ticularum
400 1333 466 1373 vel
496 1333 810 1386 pronominum,
836 1340 1009 1387 excepta
1038 1334 1170 1374 forma
1195 1335 1361 1375 articuli
1382 1336 1559 1390 genitivi
1579 1337 1691 1390 plur.

143 1419 243 1453 mm,
270 1418 376 1457 quae
406 1418 433 1444 n
464 1411 601 1444 servat
629 1404 694 1444 vel
723 1410 861 1443 mutat
889 1403 934 1443 in
964 1418 1004 1444 m
1036 1411 1134 1444 ante
1162 1405 1355 1446 labiales:
1392 1422 1443 1447 ar
1471 1407 1544 1447 <lia
1574 1408 1694 1459 (deus

142 1476 318 1527 noster),
344 1489 395 1514 ar
425 1476 479 1516 tir
509 1476 636 1527 (terra
665 1476 841 1527 nostra),
868 1474 936 1515 iar
964 1475 1150 1516 becaladh
1181 1477 1294 1530 (post
1315 1477 1584 1532 caesionem),
1609 1493 1694 1520 mm

143 1561 209 1587 cos
232 1546 439 1600 (pedum),
466 1559 564 1586 nam
587 1545 695 1586 hard
714 1546 990 1599 (bardorum).

267 1835 337 1880 Π.
410 1833 720 1879 Consonae
756 1833 1143 1880 britannicae
1187 1834 1562 1883 inchoantes.

256 1968 309 2007 A.
356 1966 384 2007 S
399 1973 548 2007 tatus
577 1966 893 2021 primitivus
923 1982 1202 2008 consonarum
1224 1968 1517 2010 inchoantium
1537 1969 1694 2010 britan-

142 2039 236 2080 nice
258 2045 444 2079 servatus
476 2037 736 2092 regulariter,
763 2037 797 2077 si
818 2053 900 2078 vox
920 2039 1171 2093 praecedens
1196 2040 1446 2080 terminatur
1467 2056 1491 2081 a
1512 2056 1696 2081 consona

143 2125 230 2150 non
258 2108 486 2157 inficiente,
512 2107 547 2147 si
575 2123 661 2148 non
693 2109 875 2163 amplius
905 2109 950 2149 in
981 2109 1196 2158 hodierna,
1223 2110 1371 2150 saltem
1402 2110 1447 2150 in
1468 2111 1695 2152 vetustiore

143 2181 289 2228 forma,
310 2179 355 2219 in
375 2177 648 2231 sequentibus
664 2178 932 2232 potissimum
948 2180 1128 2220 occurrit
1142 2180 1452 2234 junctionibus.
1489 2182 1696 2236 Exempla

144 2249 350 2291 cambrica
380 2264 402 2289 e
432 2251 572 2291 codice
601 2249 726 2290 rubro
756 2257 820 2290 sat
840 2264 1064 2290 numerosa
1085 2258 1199 2301 sunt,
1226 2266 1303 2291 nec
1325 2252 1479 2292 desunt
1500 2252 1689 2301 cornica3

144 2321 358 2370 armorica,
384 2320 419 2361 si
447 2321 650 2362 deficiunt
678 2321 921 2370 vetustiora,
949 2335 1000 2360 ex
1022 2321 1225 2362 hodierna
1245 2322 1392 2376 lingua
1413 2323 1691 2377 proferentur.

258 2393 295 2432 I.
348 2393 401 2432 In
437 2393 748 2433 constructione
784 2399 918 2432 status
955 2391 1205 2446 originarius
1251 2399 1286 2434 1.
1321 2401 1416 2448 post
1452 2393 1690 2434 articulum.

145 2464 179 2504 C
192 2462 428 2503 ambrice
459 2466 503 2517 a)
534 2463 579 2503 in
600 2463 767 2504 numeri
788 2462 1011 2517 singularis
1034 2463 1198 2504 casibus
1216 2464 1426 2515 omnibus,
1448 2464 1483 2505 si
1500 2465 1693 2504 substan-

146 2533 280 2573 tivum
309 2540 371 2573 est
400 2534 564 2587 generis
586 2534 831 2576 masculini:
867 2534 942 2574 heb
972 2550 999 2589 y
1033 2534 1103 2575 kei
1123 2534 1249 2588 (dixit
1269 2535 1416 2589 Caius)
1440 2536 1556 2575 Mab.
1588 2539 1622 2583 1,
1651 2538 1690 2573 2.

142 2617 272 2656 yoruc
306 2618 332 2658 y
365 2618 457 2657 ρων
492 2605 647 2660 (coepit
675 2606 756 2659 vir)
790 2605 906 2645 Mab.
937 2610 973 2654 1,
1002 2610 1040 2645 5.
1077 2620 1240 2661 qzmeyr
1274 2612 1418 2646 ζ«πιναθί
1449 2620 1502 2661 yr
1538 2606 1694 2659 brenyn

146 2675 213 2726 (fit
243 2673 397 2727 injuria
426 2675 530 2729 regi)
554 2677 656 2730 Leg.
686 2681 722 2716 1.
750 2680 788 2716 2.
813 2680 851 2716 2.
897 2676 938 2730 b)
970 2677 1023 2717 In
1050 2676 1205 2731 plurali
1235 2691 1309 2731 per
1337 2691 1480 2716 omnes
1509 2690 1627 2715 casus
1650 2675 1694 2715 in

146 2751 322 2798 utroque
343 2759 517 2798 genere:
544 2761 594 2786 ar
610 2749 814 2802 ywmqed
831 2762 883 2787 αν
903 2747 1061 2788 mez'bon
1084 2762 1134 2787 (cr
1155 2748 1337 2788 mer-chet
1357 2750 1416 2800 (et
1436 2745 1631 2785 mulieres
1653 2752 1695 2786 et

145 2814 265 2868 pueri
287 2822 329 2855 et
348 2815 530 2869 puellae)
554 2817 669 2857 Mab.
698 2822 735 2866 3,
764 2821 860 2858 299.
894 2834 921 2873 y
942 2817 1092 2872 {sto-elei
1109 2833 1136 2873 y
1155 2818 1336 2872 qweison
1360 2816 1483 2870 (vidit
1505 2819 1690 2870 pueros),
