1897 3072
223 100 260 139 Ι.
288 102 326 139 2.
371 111 595 139 CONSONAE
618 110 918 138 BRITANNICAE
941 110 1222 139 INCHOANTES
1246 111 1529 141 Plurimum.
1611 103 1691 141 203

139 212 348 266 aspiratur
368 219 464 266 post
484 226 507 251 r
528 210 716 251 articuli:
744 224 795 250 αν
815 210 911 261 c'ln’,
937 224 1011 251 eur
1032 210 1116 252 c’ln'
1135 211 1303 266 (canis),
1325 227 1376 252 ar
1397 213 1583 254 c'lwrrek
1606 216 1692 267 (ru-

137 297 233 337 pes;
273 282 384 336 plur.
410 282 507 322 fem.
543 297 567 322 a
602 281 711 334 sing.
746 281 950 335 kamet),-
982 282 1218 323 masculina
1259 284 1464 337 quaedam
1495 274 1617 339 porro
1648 286 1693 326 in

136 353 291 407 plurali
313 353 551 393 destituunt
573 366 800 392 consonam
820 351 1106 393 inchoantem.

253 428 292 464 2.
327 425 430 465 Post
451 422 778 472 substantivum,
804 422 840 463 si
862 423 1052 477 sequitur
1074 424 1388 466 substantivum
1409 425 1455 466 in
1486 426 1688 480 genitivo.

137 495 442 537 Cambrice:
478 494 572 534 mab
604 493 754 548 clydno
786 494 917 547 (filius
946 495 1050 548 CL),
1077 494 1215 536 breint
1234 496 1457 548 porthawr
1487 497 1693 549 (officium

135 566 326 620 portarii)
349 567 466 606 Mab.
497 570 532 614 1,
563 569 599 604 1.
624 579 676 604 vn
700 565 793 605 mab
816 579 928 606 mam
951 565 1120 617 (unicus
1142 566 1256 607 filius
1277 567 1442 622 matris)
1470 573 1506 618 1,
1534 572 1573 609 2.
1607 569 1690 610 blo-

135 638 215 677 deec
236 636 515 691 marchoqyon
538 635 630 687 (flos
654 635 868 689 equitum3
895 636 1022 685 blod„
1048 636 1168 690 fem.)
1196 642 1233 686 1,
1261 640 1356 678 241.

250 709 283 748 C
296 707 504 747 ornice:
554 706 727 746 mm'ster
762 706 923 747 mebe'on
961 708 1293 761 (paedagogus),
1332 710 1566 749 cmm-edem·
1602 724 1692 752 mor

135 779 332 833 (pirata),
367 790 486 817 maer
515 775 604 816 buit
641 776 963 830 (dispensator),
998 777 1270 819 Ιιεόνθησίιίαί
1289 779 1391 832 plui
1420 781 1687 834 (presbyter),

135 849 196 890 bis
220 848 325 890 trm't
345 847 507 901 (allex),
530 847 610 886 den
632 861 771 887 coscor
792 847 975 900 (cliens),
992 847 1206 901 quoidam
1229 850 1347 889 cober
1368 850 1588 904 (aerarius)
1606 852 1690 892 Vo-

133 921 223 961 cab.
249 919 344 960 mab
377 919 434 958 cla
464 916 594 970 (filius
626 917 711 970 dei)
735 918 855 958 Pass.
880 918 937 972 sq.
971 933 1028 972 yn
1058 917 1207 959 hemow
1237 920 1294 961 du
1327 920 1389 974 (in
1411 922 1582 962 nomine
1604 922 1689 975 1101)

136 996 204 1041 93,
234 995 270 1030 1.
296 1003 416 1044 myas
428 1002 595 1043 peynys
618 988 885 1041 (magnitudo
907 989 1117 1043 dolorum)
1143 994 1210 1040 59,
1238 995 1278 1031 4.

246 1061 317 1101 Ar
328 1058 529 1100 morice
564 1058 690 1107 item3
722 1058 858 1100 inficit
889 1066 1031 1100 tamen
1059 1060 1207 1114 lingua
1235 1061 1438 1103 hodierna
1467 1070 1563 1117 post
1594 1064 1691 1104 sub·

133 1131 367 1173 stantivum
387 1129 551 1184 generis
574 1128 767 1169 feminini
783 1144 791 1170 :
809 1144 928 1183 poan
951 1131 1055 1172 bema
1078 1132 1214 1184 (dolor
1235 1133 1419 1188 eapitis).

249 1207 287 1242 3.
322 1203 427 1242 Post
463 1199 712 1241 numeralia.
766 1200 1062 1252 Cambrice‚
1097 1204 1282 1257 exceptis
1315 1205 1419 1255 decc,
1452 1205 1562 1261 duty,
1596 1213 1692 1260 post

135 1274 247 1328 quod
269 1280 403 1313 status
425 1271 668 1320 destitutus,
695 1278 821 1325 atque
844 1272 902 1313 tri
921 1274 1089 1327 (maso.)
1112 1281 1153 1314 et
1175 1275 1309 1325 cltwe,
1335 1283 1431 1330 post
1453 1291 1559 1330 quae
1581 1276 1690 1330 aspi-

132 1344 238 1385 ratio
261 1342 454 1384 tenuium
476 1342 680 1396 sequitur,
705 1350 802 1396 post
822 1350 958 1384 cetera
979 1344 1141 1384 onmia:
1172 1360 1226 1386 vn
1248 1347 1342 1387 mab
1365 1347 1535 1399 (unicus
1557 1347 1689 1400 filius)

133 1416 250 1456 Mab.
275 1420 311 1464 1,
335 1418 373 1454 2.
401 1414 479 1455 teir
501 1414 655 1469 blynecl
674 1415 775 1466 (tres
798 1413 917 1467 anni)
946 1419 981 1464 1,
1006 1417 1072 1455 21.
1096 1418 1163 1455 26.
1179 1430 1316 1469 μανψ
1338 1431 1524 1472 morwyn
1548 1417 1688 1472 (quin-

132 1500 213 1540 que
243 1486 442 1539 puellae),
469 1491 566 1526 cant
594 1485 830 1526 marchelmo
862 1486 1054 1538 (centum
1082 1487 1262 1540 equites)
1290 1492 1325 1537 1,
1354 1491 1450 1528 250.
1479 1491 1575 1528 280.
1619 1489 1688 1529 Ita

132 1564 173 1597 et
201 1563 297 1610 post
328 1556 386 1597 tri
412 1564 453 1596 et
481 1556 606 1606 elatee,
633 1556 667 1597 si
695 1571 782 1596 non
814 1556 1003 1610 sequitur
1035 1557 1197 1598 tenuis:
1237 1558 1294 1599 tri
1320 1559 1557 1600 marcham
1587 1560 1688 1613 (tres

134 1627 313 1681 equites)
341 1632 377 1677 1,
406 1631 502 1667 237.
546 1627 644 1667 Alia
665 1627 857 1681 exempla
878 1628 956 1668 sub
978 1628 1283 1669 numeralibus.

246 1699 278 1739 C
292 1697 481 1738 ornica
511 1698 786 1738 concordant:
812 1713 863 1739 on
884 1699 1054 1739 marrelt·
1076 1700 1205 1751 (unus
1227 1699 1364 1753 miles)
1388 1701 1507 1740 Pass.
1531 1703 1626 1750 217,
1648 1705 1683 1741 1.

133 1771 229 1818 242,
259 1773 294 1808 1.
323 1774 383 1809 ter
400 1768 565 1824 yweytlc
588 1768 739 1821 (tribus
761 1768 940 1822 vicibus)
968 1773 1032 1819 18,
1059 1773 1098 1809 2.
1120 1784 1292 1822 peswccr
1313 1770 1498 1820 marrek,
1517 1785 1688 1824 peswar

130 1853 273 1893 marey
296 1840 495 1893 (quatuor
514 1838 688 1892 milites)
716 1844 809 1889 190,
838 1843 876 1879 2.
904 1844 1000 1890 241,
1027 1845 1066 1880 4.
1083 1855 1219 1895 pymp
1241 1840 1350 1895 myll
1367 1841 1573 1895 (quinque
1593 1841 1687 1881 11111-

132 1910 206 1963 lia)
233 1914 328 1959 227,
357 1914 394 1950 2.
411 1910 618 1965 pymtltelc
630 1916 760 1963 pater
782 1910 1042 1964 (quindecim
1062 1921 1181 1965 pater
1201 1914 1362 1965 noster)
1387 1915 1483 1961 228,
1514 1916 1550 1951 1.

243 1980 562 2021 Armoricus
594 1982 743 2021 modus
773 1981 1024 2035 generaliter
1044 1982 1170 2032 idem,
1197 1983 1382 2037 exceptis
1414 1982 1572 2022 scilieet
1593 1998 1686 2036 pro—

130 2050 379 2105 prietatibus
419 2051 672 2104 quibusdam
709 2051 936 2092 hodiernae
974 2053 1166 2106 linguae,
1209 2068 1314 2107 quae
1355 2053 1454 2093 facit
1493 2053 1687 2094 tenuium

132 2121 430 2175 aspirationem
450 2136 537 2161 non
559 2123 696 2162 solum
716 2129 811 2176 post
833 2122 903 2172 tri,
925 2124 997 2163 sed
1019 2123 1146 2164 etiam
1166 2131 1261 2178 post
1279 2123 1357 2164 teir
1379 2124 1533 2176 (fem.),
1550 2138 1687 2177 pembr

133 2194 316 2245 (masc.),
347 2193 484 2244 peder
512 2192 666 2245 (fem.),
692 2207 786 2242 mco,
819 2200 861 2233 et
895 2193 999 2233 mire
1036 2201 1187 2235 tractat
1223 2194 1380 2235 medias
1412 2195 1433 2234 b
1464 2202 1505 2235 et
1531 2210 1560 2249 {J
1591 2202 1687 2249 post

121 2276 251 2315 pemp
281 2269 322 2302 et
351 2262 445 2312 dele,
471 2269 693 2316 utramque
722 2264 955 2316 provehens
984 2264 1029 2304 in
1052 2273 1223 2306 tenuem
1243 2274 1339 2320 post
1369 2280 1527 2319 pemp:
1555 2280 1685 2319 pomp

120 2332 263 2386 pioc'lt
282 2333 486 2387 (quinque
503 2348 673 2381 vaccae,
701 2333 864 2387 aloem),
882 2350 1011 2388 pomp
1029 2336 1118 2376 And
1133 2337 1337 2390 (quinque
1354 2337 1536 2391 lepores,
1558 2338 1681 2391 glad),

130 2405 203 2444 sed
218 2418 348 2444 unam
364 2404 612 2459 provehenS,
635 2404 808 2445 alteram
825 2406 1057 2447 destituens
1074 2415 1170 2461 post
1191 2408 1270 2449 dele
1284 2426 1296 2448 :
1320 2408 1399 2448 delo
1415 2408 1505 2448 had
1524 2408 1685 2460 (decem

132 2474 327 2528 lepores),
355 2475 434 2515 clelt·
455 2475 572 2516 vloccz
595 2476 756 2527 (decem
778 2476 913 2529 anni).

247 2550 286 2585 4.
322 2547 425 2586 Post
453 2546 703 2599 pronomina
725 2548 944 2600 quaedam.
991 2549 1280 2590 Cambrice.
1325 2551 1369 2603 a)
1401 2550 1503 2589 Post
1523 2561 1683 2602 posscs-

132 2615 220 2656 siva
256 2616 447 2656 absoluta
477 2616 605 2657 trium
631 2632 907 2672 personarum
935 2620 1110 2673 pluralis
1142 2620 1309 2661 numeri
1340 2635 1417 2668 (tn,
1451 2618 1588 2667 anach,
1615 2632 1678 2658 eu.

131 2687 172 2739 b)
205 2687 309 2727 Post
329 2688 564 2740 personalia
585 2688 717 2729 infixa
743 2694 778 2729 1.
799 2704 908 2743 pers.
930 2690 1039 2744 sing.
1061 2692 1123 2731 M.
1131 2723 1142 2741 ,
1163 2691 1273 2746 plur.
1295 2692 1352 2740 N,
1376 2694 1414 2729 2.
1439 2703 1547 2743 pers.
1568 2688 1680 2742 plur.

131 2757 230 2806 CH,
254 2761 292 2796 3.
313 2771 422 2811 pers.
444 2757 552 2811 sing.
573 2766 615 2799 et
634 2760 744 2813 plur.
766 2761 817 2810 E,
840 2761 892 2810 S3
928 2764 966 2815 0)
996 2768 1092 2815 post
1108 2761 1340 2816 possessiva
1361 2760 1492 2800 infixa
1513 2764 1549 2799 1.
1569 2773 1678 2813 pers.

132 2827 240 2882 sing.
267 2829 347 2877 M„
373 2828 483 2882 plur.
509 2829 566 2878 N,
594 2834 632 2870 2.
657 2846 767 2885 pers.
792 2832 903 2885 plur.
930 2833 1028 2882 CH,
1057 2838 1095 2872 3.
1120 2847 1229 2886 perS.
1255 2831 1364 2885 plur.
1391 2831 1426 2871 E
1457 2829 1682 2884 (excipitur
