<?xml version="1.0" encoding="UTF-8"?>
<!DOCTYPE html PUBLIC "-//W3C//DTD XHTML 1.0 Transitional//EN"
    "http://www.w3.org/TR/xhtml1/DTD/xhtml1-transitional.dtd">
<html xmlns="http://www.w3.org/1999/xhtml" xml:lang="en" lang="en">
 <head>
  <title>
</title>
<meta http-equiv="Content-Type" content="text/html;charset=utf-8" />
  <meta name='ocr-system' content='tesseract 3.04.00' />
  <meta name='ocr-capabilities' content='ocr_page ocr_carea ocr_par ocr_line ocrx_word'/>
</head>
<body>
  <div class='ocr_page' id='page_1' title='image "./grammaticaceltic01zeusuoft_0232.png"; bbox 0 0 1897 3072; ppageno 0'>
   <div class='ocr_carea' id='block_1_1' title="bbox 162 59 1392 102">
    <p class='ocr_par' dir='ltr' id='par_1_1' title="bbox 162 59 1392 102">
     <span class='ocr_line' id='line_1_1' title="bbox 162 59 1392 102; baseline 0.003 -4"><span class='ocrx_word' id='word_1_1' title='bbox 162 60 237 98; x_wconf 88' lang='grc'>170</span> <span class='ocrx_word' id='word_1_2' title='bbox 461 59 497 98; x_wconf 90' lang='grc' dir='ltr'>Ι.</span> <span class='ocrx_word' id='word_1_3' title='bbox 543 63 579 98; x_wconf 93' lang='grc'>1.</span> <span class='ocrx_word' id='word_1_4' title='bbox 642 72 866 100; x_wconf 73' lang='lat' dir='ltr'>CONSONAE</span> <span class='ocrx_word' id='word_1_5' title='bbox 888 73 1187 100; x_wconf 80' lang='lat' dir='ltr'><strong>BRITANNICAE</strong></span> <span class='ocrx_word' id='word_1_6' title='bbox 1209 74 1392 102; x_wconf 81' lang='lat' dir='ltr'><strong>TENUES.</strong></span> 
     </span>
    </p>
   </div>
   <div class='ocr_carea' id='block_1_2' title="bbox 152 171 1703 503">
    <p class='ocr_par' dir='ltr' id='par_1_2' title="bbox 152 171 1703 503">
     <span class='ocr_line' id='line_1_2' title="bbox 154 171 1698 230; baseline 0.005 -20"><span class='ocrx_word' id='word_1_7' title='bbox 154 171 406 212; x_wconf 82' lang='lat' dir='ltr'>minationes</span> <span class='ocrx_word' id='word_1_8' title='bbox 428 171 538 221; x_wconf 72' lang='grc' dir='ltr'>-θίὶσ,</span> <span class='ocrx_word' id='word_1_9' title='bbox 561 178 636 222; x_wconf 77' lang='lat' dir='ltr'>-at,</span> <span class='ocrx_word' id='word_1_10' title='bbox 663 172 745 213; x_wconf 69' lang='lat' dir='ltr'>-iat</span> <span class='ocrx_word' id='word_1_11' title='bbox 765 173 951 225; x_wconf 63' lang='lat' dir='ltr'>(emanat,</span> <span class='ocrx_word' id='word_1_12' title='bbox 972 173 1121 227; x_wconf 70' lang='lat' dir='ltr'>oryz’at,</span> <span class='ocrx_word' id='word_1_13' title='bbox 1143 173 1334 227; x_wconf 68' lang='lat' dir='ltr'>qm&#39;liat),</span> <span class='ocrx_word' id='word_1_14' title='bbox 1359 181 1451 216; x_wconf 76' lang='lat' dir='ltr'>-aut</span> <span class='ocrx_word' id='word_1_15' title='bbox 1472 176 1698 230; x_wconf 62' lang='lat' dir='ltr'>(bracatae),</span> 
     </span>
     <span class='ocr_line' id='line_1_3' title="bbox 154 242 1703 300; baseline 0.003 -18"><span class='ocrx_word' id='word_1_16' title='bbox 154 248 212 282; x_wconf 81' lang='lat' dir='ltr'>-et</span> <span class='ocrx_word' id='word_1_17' title='bbox 241 244 379 294; x_wconf 85' lang='lat' dir='ltr'>(term.</span> <span class='ocrx_word' id='word_1_18' title='bbox 404 242 533 296; x_wconf 84' lang='lat' dir='ltr'>plur.,</span> <span class='ocrx_word' id='word_1_19' title='bbox 559 250 601 283; x_wconf 88' lang='lat' dir='ltr'>et</span> <span class='ocrx_word' id='word_1_20' title='bbox 631 243 759 283; x_wconf 85' lang='lat' dir='ltr'>deriv.</span> <span class='ocrx_word' id='word_1_21' title='bbox 786 242 948 292; x_wconf 76' lang='lat' dir='ltr'>cz’lohet,</span> <span class='ocrx_word' id='word_1_22' title='bbox 974 243 1214 297; x_wconf 72' lang='lat' dir='ltr'>cz&#39;leketou),</span> <span class='ocrx_word' id='word_1_23' title='bbox 1251 244 1311 285; x_wconf 73' lang='lat' dir='ltr'>·2&#39;t</span> <span class='ocrx_word' id='word_1_24' title='bbox 1341 245 1587 300; x_wconf 53' lang='lat' dir='ltr'>(nonium),</span> <span class='ocrx_word' id='word_1_25' title='bbox 1613 247 1703 288; x_wconf 75' lang='lat' dir='ltr'>-m&#39;t</span> 
     </span>
     <span class='ocr_line' id='line_1_4' title="bbox 154 312 1696 370; baseline 0.003 -18"><span class='ocrx_word' id='word_1_26' title='bbox 154 312 359 366; x_wconf 76' lang='lat' dir='ltr'>(z&#39;echuz&#39;t).</span> <span class='ocrx_word' id='word_1_27' title='bbox 395 313 581 353; x_wconf 86' lang='lat' dir='ltr'>Nomina</span> <span class='ocrx_word' id='word_1_28' title='bbox 602 313 786 353; x_wconf 86' lang='lat' dir='ltr'>virorum</span> <span class='ocrx_word' id='word_1_29' title='bbox 808 328 829 353; x_wconf 89' lang='lat' dir='ltr'>e</span> <span class='ocrx_word' id='word_1_30' title='bbox 851 313 995 354; x_wconf 92' lang='lat' dir='ltr'>chron.</span> <span class='ocrx_word' id='word_1_31' title='bbox 1016 315 1170 354; x_wconf 84' lang='lat' dir='ltr'>cambr.</span> <span class='ocrx_word' id='word_1_32' title='bbox 1198 314 1259 367; x_wconf 82' lang='lat' dir='ltr'>(in</span> <span class='ocrx_word' id='word_1_33' title='bbox 1281 316 1410 369; x_wconf 84' lang='lat' dir='ltr'>praef.</span> <span class='ocrx_word' id='word_1_34' title='bbox 1432 316 1534 369; x_wconf 85' lang='lat' dir='ltr'>Leg.</span> <span class='ocrx_word' id='word_1_35' title='bbox 1553 331 1596 370; x_wconf 90' lang='lat' dir='ltr'>p.</span> <span class='ocrx_word' id='word_1_36' title='bbox 1617 317 1696 357; x_wconf 88' lang='lat' dir='ltr'>IV.</span> 
     </span>
     <span class='ocr_line' id='line_1_5' title="bbox 152 383 1694 441; baseline 0.003 -18"><span class='ocrx_word' id='word_1_37' title='bbox 152 383 234 435; x_wconf 87' lang='lat' dir='ltr'>V):</span> <span class='ocrx_word' id='word_1_38' title='bbox 266 384 405 423; x_wconf 76' lang='lat' dir='ltr'>Catell</span> <span class='ocrx_word' id='word_1_39' title='bbox 424 385 497 436; x_wconf 84' lang='lat'>(=</span> <span class='ocrx_word' id='word_1_40' title='bbox 519 383 728 433; x_wconf 80' lang='lat' dir='ltr'>Catullus,</span> <span class='ocrx_word' id='word_1_41' title='bbox 753 399 796 438; x_wconf 91' lang='lat' dir='ltr'>p.</span> <span class='ocrx_word' id='word_1_42' title='bbox 824 386 889 436; x_wconf 82' lang='lat'>6),</span> <span class='ocrx_word' id='word_1_43' title='bbox 921 385 1114 434; x_wconf 71' lang='lat' dir='ltr'>Catnzan,</span> <span class='ocrx_word' id='word_1_44' title='bbox 1145 386 1409 439; x_wconf 69' lang='lat' dir='ltr'>Catyualart,</span> <span class='ocrx_word' id='word_1_45' title='bbox 1441 387 1694 441; x_wconf 68' lang='lat' dir='ltr'>Oatqwazm,</span> 
     </span>
     <span class='ocr_line' id='line_1_6' title="bbox 158 453 677 503; baseline 0.002 -10"><span class='ocrx_word' id='word_1_46' title='bbox 158 453 305 503; x_wconf 53' lang='lat' dir='ltr'>Clotrv,</span> <span class='ocrx_word' id='word_1_47' title='bbox 331 454 490 503; x_wconf 77' lang='lat' dir='ltr'>Nz‘met,</span> <span class='ocrx_word' id='word_1_48' title='bbox 515 454 677 495; x_wconf 77' lang='lat' dir='ltr'>Dz&#39;met.</span> 
     </span>
    </p>
   </div>
   <div class='ocr_carea' id='block_1_3' title="bbox 146 535 1698 1297">
    <p class='ocr_par' dir='ltr' id='par_1_3' title="bbox 146 535 1698 1297">
     <span class='ocr_line' id='line_1_7' title="bbox 265 535 1698 591; baseline 0.002 -16"><span class='ocrx_word' id='word_1_49' title='bbox 265 536 299 575; x_wconf 87' lang='lat' dir='ltr'>C</span> <span class='ocrx_word' id='word_1_50' title='bbox 327 535 372 575; x_wconf 91' lang='lat' dir='ltr'>in</span> <span class='ocrx_word' id='word_1_51' title='bbox 401 536 522 576; x_wconf 89' lang='lat' dir='ltr'>initio</span> <span class='ocrx_word' id='word_1_52' title='bbox 553 551 704 577; x_wconf 79' lang='lat' dir='ltr'>vocum</span> <span class='ocrx_word' id='word_1_53' title='bbox 735 537 825 589; x_wconf 86' lang='lat' dir='ltr'>(ubi</span> <span class='ocrx_word' id='word_1_54' title='bbox 856 537 901 577; x_wconf 88' lang='lat' dir='ltr'>in</span> <span class='ocrx_word' id='word_1_55' title='bbox 922 537 1150 578; x_wconf 81' lang='lat' dir='ltr'>recentiore</span> <span class='ocrx_word' id='word_1_56' title='bbox 1170 538 1318 591; x_wconf 83' lang='lat' dir='ltr'>lingua</span> <span class='ocrx_word' id='word_1_57' title='bbox 1339 538 1579 587; x_wconf 84' lang='lat' dir='ltr'>destitutio,</span> <span class='ocrx_word' id='word_1_58' title='bbox 1613 539 1698 579; x_wconf 90' lang='lat' dir='ltr'>sive</span> 
     </span>
     <span class='ocr_line' id='line_1_8' title="bbox 151 605 1698 662; baseline 0.002 -17"><span class='ocrx_word' id='word_1_59' title='bbox 151 605 277 646; x_wconf 87' lang='lat' dir='ltr'>etiam</span> <span class='ocrx_word' id='word_1_60' title='bbox 299 606 531 660; x_wconf 80' lang='lat' dir='ltr'>aspiratio).</span> <span class='ocrx_word' id='word_1_61' title='bbox 576 609 619 660; x_wconf 82' lang='grc' dir='ltr'>α)</span> <span class='ocrx_word' id='word_1_62' title='bbox 651 608 706 648; x_wconf 93' lang='lat' dir='ltr'>In</span> <span class='ocrx_word' id='word_1_63' title='bbox 727 608 1058 648; x_wconf 86' lang='lat' dir='ltr'>constructione:</span> <span class='ocrx_word' id='word_1_64' title='bbox 1086 624 1107 648; x_wconf 91' lang='lat' dir='ltr'>o</span> <span class='ocrx_word' id='word_1_65' title='bbox 1129 609 1261 648; x_wconf 76' lang='lat' dir='ltr'>coz&#39;lou</span> <span class='ocrx_word' id='word_1_66' title='bbox 1285 608 1542 662; x_wconf 80' lang='lat' dir='ltr'>(auspiciis),</span> <span class='ocrx_word' id='word_1_67' title='bbox 1568 625 1589 649; x_wconf 88' lang='lat'><strong><em>0</em></strong></span> <span class='ocrx_word' id='word_1_68' title='bbox 1611 624 1698 649; x_wconf 79' lang='lat' dir='ltr'>cor-</span> 
     </span>
     <span class='ocr_line' id='line_1_9' title="bbox 149 677 1698 733; baseline 0.003 -17"><span class='ocrx_word' id='word_1_69' title='bbox 149 691 250 717; x_wconf 75' lang='lat' dir='ltr'>semz</span> <span class='ocrx_word' id='word_1_70' title='bbox 274 677 541 731; x_wconf 79' lang='lat' dir='ltr'>(arundine),</span> <span class='ocrx_word' id='word_1_71' title='bbox 568 693 588 717; x_wconf 93' lang='lat'><em>0</em></span> <span class='ocrx_word' id='word_1_72' title='bbox 611 693 705 719; x_wconf 77' lang='lat' dir='ltr'>ceen</span> <span class='ocrx_word' id='word_1_73' title='bbox 729 679 947 732; x_wconf 87' lang='lat' dir='ltr'>(murice),</span> <span class='ocrx_word' id='word_1_74' title='bbox 974 694 995 718; x_wconf 90' lang='lat' dir='ltr'>o</span> <span class='ocrx_word' id='word_1_75' title='bbox 1017 678 1166 720; x_wconf 67' lang='lat' dir='ltr'>caitov&#39;r</span> <span class='ocrx_word' id='word_1_76' title='bbox 1192 680 1362 732; x_wconf 82' lang='lat' dir='ltr'>(pube),</span> <span class='ocrx_word' id='word_1_77' title='bbox 1388 694 1410 718; x_wconf 89' lang='grc' dir='ltr'><strong><em>ο</em></strong></span> <span class='ocrx_word' id='word_1_78' title='bbox 1441 679 1598 719; x_wconf 76' lang='lat' dir='ltr'>clorz&#39;ou</span> <span class='ocrx_word' id='word_1_79' title='bbox 1620 682 1698 733; x_wconf 86' lang='lat' dir='ltr'>(ta-</span> 
     </span>
     <span class='ocr_line' id='line_1_10' title="bbox 148 747 1692 803; baseline 0.001 -16"><span class='ocrx_word' id='word_1_80' title='bbox 148 747 304 801; x_wconf 81' lang='lat' dir='ltr'><strong>bellis),</strong></span> <span class='ocrx_word' id='word_1_81' title='bbox 326 748 381 788; x_wconf 72' lang='lat' dir='ltr'>ha</span> <span class='ocrx_word' id='word_1_82' title='bbox 403 748 493 801; x_wconf 76' lang='lat' dir='ltr'>erip</span> <span class='ocrx_word' id='word_1_83' title='bbox 517 749 718 803; x_wconf 81' lang='lat' dir='ltr'>(pectine)</span> <span class='ocrx_word' id='word_1_84' title='bbox 742 750 850 790; x_wconf 87' lang='lat' dir='ltr'>inter</span> <span class='ocrx_word' id='word_1_85' title='bbox 871 750 1029 803; x_wconf 81' lang='lat' dir='ltr'>glossas</span> <span class='ocrx_word' id='word_1_86' title='bbox 1047 750 1186 790; x_wconf 80' lang='lat' dir='ltr'>Oxon.</span> <span class='ocrx_word' id='word_1_87' title='bbox 1230 750 1270 802; x_wconf 83' lang='lat' dir='ltr'>b)</span> <span class='ocrx_word' id='word_1_88' title='bbox 1294 750 1347 789; x_wconf 88' lang='lat' dir='ltr'>In</span> <span class='ocrx_word' id='word_1_89' title='bbox 1370 750 1692 803; x_wconf 81' lang='lat' dir='ltr'>compositione:</span> 
     </span>
     <span class='ocr_line' id='line_1_11' title="bbox 151 818 1693 873; baseline 0.003 -16"><span class='ocrx_word' id='word_1_90' title='bbox 151 818 326 872; x_wconf 63' lang='lat' dir='ltr'>tormyel</span> <span class='ocrx_word' id='word_1_91' title='bbox 354 819 459 869; x_wconf 80' lang='lat' dir='ltr'>(lora</span> <span class='ocrx_word' id='word_1_92' title='bbox 489 820 688 873; x_wconf 78' lang='lat' dir='ltr'>ventris),</span> <span class='ocrx_word' id='word_1_93' title='bbox 716 821 926 861; x_wconf 76' lang='lat' dir='ltr'>bromwed</span> <span class='ocrx_word' id='word_1_94' title='bbox 955 820 1107 873; x_wconf 88' lang='lat' dir='ltr'>(bullo)</span> <span class='ocrx_word' id='word_1_95' title='bbox 1139 820 1183 859; x_wconf 91' lang='lat' dir='ltr'>in</span> <span class='ocrx_word' id='word_1_96' title='bbox 1207 820 1367 860; x_wconf 89' lang='lat' dir='ltr'>iisdem.</span> <span class='ocrx_word' id='word_1_97' title='bbox 1412 820 1609 861; x_wconf 70' lang='lat' dir='ltr'>Mailemz</span> <span class='ocrx_word' id='word_1_98' title='bbox 1632 823 1693 873; x_wconf 90' lang='lat' dir='ltr'>(n.</span> 
     </span>
     <span class='ocr_line' id='line_1_12' title="bbox 149 889 1692 945; baseline 0.002 -17"><span class='ocrx_word' id='word_1_99' title='bbox 149 889 244 942; x_wconf 85' lang='lat' dir='ltr'>viri)</span> <span class='ocrx_word' id='word_1_100' title='bbox 275 890 433 930; x_wconf 89' lang='lat' dir='ltr'>Chron.</span> <span class='ocrx_word' id='word_1_101' title='bbox 459 892 613 931; x_wconf 88' lang='lat' dir='ltr'>cambr.</span> <span class='ocrx_word' id='word_1_102' title='bbox 649 891 692 931; x_wconf 92' lang='lat' dir='ltr'>in</span> <span class='ocrx_word' id='word_1_103' title='bbox 724 892 853 945; x_wconf 83' lang='lat' dir='ltr'>praef.</span> <span class='ocrx_word' id='word_1_104' title='bbox 880 892 932 931; x_wconf 84' lang='lat' dir='ltr'>ad</span> <span class='ocrx_word' id='word_1_105' title='bbox 961 891 1062 943; x_wconf 80' lang='lat' dir='ltr'><strong>Leg.</strong></span> <span class='ocrx_word' id='word_1_106' title='bbox 1088 905 1130 944; x_wconf 88' lang='lat' dir='ltr'>p.</span> <span class='ocrx_word' id='word_1_107' title='bbox 1158 891 1212 930; x_wconf 91' lang='lat' dir='ltr'>V.</span> <span class='ocrx_word' id='word_1_108' title='bbox 1266 891 1319 930; x_wconf 90' lang='lat' dir='ltr'>In</span> <span class='ocrx_word' id='word_1_109' title='bbox 1349 890 1486 930; x_wconf 88' lang='lat' dir='ltr'>medio</span> <span class='ocrx_word' id='word_1_110' title='bbox 1518 898 1559 930; x_wconf 88' lang='lat' dir='ltr'>et</span> <span class='ocrx_word' id='word_1_111' title='bbox 1587 892 1692 931; x_wconf 89' lang='lat' dir='ltr'>fine:</span> 
     </span>
     <span class='ocr_line' id='line_1_13' title="bbox 149 958 1693 1015; baseline 0.001 -15"><span class='ocrx_word' id='word_1_112' title='bbox 149 961 253 1000; x_wconf 74' lang='lat' dir='ltr'>(laer</span> <span class='ocrx_word' id='word_1_113' title='bbox 282 958 457 1015; x_wconf 70' lang='grc' dir='ltr'>(δάκρυ,</span> <span class='ocrx_word' id='word_1_114' title='bbox 487 961 531 1001; x_wconf 91' lang='lat' dir='ltr'>in</span> <span class='ocrx_word' id='word_1_115' title='bbox 561 976 744 1015; x_wconf 89' lang='lat' dir='ltr'>compos.</span> <span class='ocrx_word' id='word_1_116' title='bbox 771 962 968 1010; x_wconf 72' lang='lat' dir='ltr'>clam-lon,</span> <span class='ocrx_word' id='word_1_117' title='bbox 994 961 1190 1013; x_wconf 77' lang='lat' dir='ltr'>uvidus),</span> <span class='ocrx_word' id='word_1_118' title='bbox 1227 960 1409 1001; x_wconf 74' lang='lat' dir='ltr'>cemecid</span> <span class='ocrx_word' id='word_1_119' title='bbox 1438 961 1693 1015; x_wconf 82' lang='lat' dir='ltr'>(lapidaria),</span> 
     </span>
     <span class='ocr_line' id='line_1_14' title="bbox 149 1031 1697 1086; baseline 0.001 -15"><span class='ocrx_word' id='word_1_120' title='bbox 149 1038 236 1072; x_wconf 76' lang='lat' dir='ltr'>oeet</span> <span class='ocrx_word' id='word_1_121' title='bbox 256 1034 421 1085; x_wconf 81' lang='lat' dir='ltr'>(raster)</span> <span class='ocrx_word' id='word_1_122' title='bbox 436 1064 447 1081; x_wconf 93' lang='lat'>,</span> <span class='ocrx_word' id='word_1_123' title='bbox 474 1032 636 1072; x_wconf 73' lang='lat' dir='ltr'>ocolm&#39;n</span> <span class='ocrx_word' id='word_1_124' title='bbox 668 1034 774 1085; x_wconf 85' lang='lat' dir='ltr'>(cos)</span> <span class='ocrx_word' id='word_1_125' title='bbox 797 1032 841 1072; x_wconf 89' lang='lat' dir='ltr'>in</span> <span class='ocrx_word' id='word_1_126' title='bbox 863 1032 920 1086; x_wconf 83' lang='lat' dir='ltr'><strong>gl.</strong></span> <span class='ocrx_word' id='word_1_127' title='bbox 947 1032 1086 1072; x_wconf 85' lang='lat' dir='ltr'>Oxon.</span> <span class='ocrx_word' id='word_1_128' title='bbox 1106 1048 1116 1080; x_wconf 83' lang='lat'><em>3</em></span> <span class='ocrx_word' id='word_1_129' title='bbox 1152 1031 1389 1084; x_wconf 83' lang='lat' dir='ltr'>ibidemque</span> <span class='ocrx_word' id='word_1_130' title='bbox 1411 1031 1455 1071; x_wconf 92' lang='lat' dir='ltr'>in</span> <span class='ocrx_word' id='word_1_131' title='bbox 1478 1032 1697 1073; x_wconf 83' lang='lat' dir='ltr'>derivatio-</span> 
     </span>
     <span class='ocr_line' id='line_1_15' title="bbox 147 1102 1697 1156; baseline 0.001 -14"><span class='ocrx_word' id='word_1_132' title='bbox 147 1102 271 1143; x_wconf 88' lang='lat' dir='ltr'>nibus</span> <span class='ocrx_word' id='word_1_133' title='bbox 294 1102 435 1142; x_wconf 74' lang='lat' dir='ltr'>-2&#39;caecl</span> <span class='ocrx_word' id='word_1_134' title='bbox 453 1103 692 1155; x_wconf 74' lang='lat' dir='ltr'>(bccdiccml,</span> <span class='ocrx_word' id='word_1_135' title='bbox 719 1103 982 1156; x_wconf 70' lang='lat' dir='ltr'>creaticczzcl),</span> <span class='ocrx_word' id='word_1_136' title='bbox 1008 1102 1185 1143; x_wconf 70' lang='lat' dir='ltr'>-eticion</span> <span class='ocrx_word' id='word_1_137' title='bbox 1213 1102 1518 1155; x_wconf 69' lang='lat' dir='ltr'>(mpeteticion)</span> <span class='ocrx_word' id='word_1_138' title='bbox 1539 1103 1649 1156; x_wconf 90' lang='lat' dir='ltr'>plur.</span> <span class='ocrx_word' id='word_1_139' title='bbox 1676 1117 1697 1143; x_wconf 88' lang='lat' dir='ltr'>e</span> 
     </span>
     <span class='ocr_line' id='line_1_16' title="bbox 147 1173 1692 1227; baseline 0 -15"><span class='ocrx_word' id='word_1_140' title='bbox 147 1173 257 1226; x_wconf 83' lang='lat' dir='ltr'>sing.</span> <span class='ocrx_word' id='word_1_141' title='bbox 283 1173 409 1222; x_wconf 72' lang='lat' dir='ltr'>·et2&#39;c,</span> <span class='ocrx_word' id='word_1_142' title='bbox 443 1181 569 1227; x_wconf 84' lang='lat' dir='ltr'>atque</span> <span class='ocrx_word' id='word_1_143' title='bbox 601 1189 707 1213; x_wconf 75' lang='lat' dir='ltr'>-cmc</span> <span class='ocrx_word' id='word_1_144' title='bbox 736 1173 1003 1222; x_wconf 66' lang='lat' dir='ltr'>(marcham,</span> <span class='ocrx_word' id='word_1_145' title='bbox 1030 1174 1280 1227; x_wconf 70' lang='lat' dir='ltr'>plumam),</span> <span class='ocrx_word' id='word_1_146' title='bbox 1315 1179 1364 1212; x_wconf 91' lang='lat' dir='ltr'>ut</span> <span class='ocrx_word' id='word_1_147' title='bbox 1394 1188 1467 1213; x_wconf 76' lang='lat'>—00</span> <span class='ocrx_word' id='word_1_148' title='bbox 1490 1174 1549 1227; x_wconf 83' lang='lat' dir='ltr'><strong>(p.</strong></span> <span class='ocrx_word' id='word_1_149' title='bbox 1580 1176 1692 1226; x_wconf 86' lang='lat'>111),</span> 
     </span>
     <span class='ocr_line' id='line_1_17' title="bbox 146 1244 1032 1297; baseline 0 -13"><span class='ocrx_word' id='word_1_150' title='bbox 146 1244 280 1284; x_wconf 72' lang='lat' dir='ltr'>-ocz&#39;on</span> <span class='ocrx_word' id='word_1_151' title='bbox 303 1244 559 1297; x_wconf 69' lang='lat' dir='ltr'>(atanocion)</span> <span class='ocrx_word' id='word_1_152' title='bbox 587 1244 630 1284; x_wconf 91' lang='lat' dir='ltr'>in</span> <span class='ocrx_word' id='word_1_153' title='bbox 653 1244 802 1297; x_wconf 79' lang='lat' dir='ltr'>glossis</span> <span class='ocrx_word' id='word_1_154' title='bbox 826 1246 1032 1285; x_wconf 82' lang='lat' dir='ltr'>Luxemb.</span> 
     </span>
    </p>
   </div>
   <div class='ocr_carea' id='block_1_4' title="bbox 145 1324 1696 1523">
    <p class='ocr_par' dir='ltr' id='par_1_4' title="bbox 145 1324 1696 1523">
     <span class='ocr_line' id='line_1_18' title="bbox 261 1324 1696 1379; baseline -0.001 -12"><span class='ocrx_word' id='word_1_155' title='bbox 261 1328 295 1367; x_wconf 86' lang='lat' dir='ltr'>P</span> <span class='ocrx_word' id='word_1_156' title='bbox 325 1342 348 1367; x_wconf 86' lang='lat' dir='ltr'>a</span> <span class='ocrx_word' id='word_1_157' title='bbox 361 1342 433 1366; x_wconf 91' lang='lat' dir='ltr'>rm</span> <span class='ocrx_word' id='word_1_158' title='bbox 444 1326 552 1366; x_wconf 86' lang='lat' dir='ltr'>oric</span> <span class='ocrx_word' id='word_1_159' title='bbox 566 1342 589 1367; x_wconf 83' lang='lat' dir='ltr'>a</span> <span class='ocrx_word' id='word_1_160' title='bbox 619 1327 860 1367; x_wconf 80' lang='lat' dir='ltr'>vetustioris</span> <span class='ocrx_word' id='word_1_161' title='bbox 883 1326 1049 1367; x_wconf 73' lang='lat' dir='ltr'>dialecti</span> <span class='ocrx_word' id='word_1_162' title='bbox 1071 1325 1115 1366; x_wconf 89' lang='lat' dir='ltr'>in</span> <span class='ocrx_word' id='word_1_163' title='bbox 1135 1326 1273 1366; x_wconf 89' lang='lat' dir='ltr'>medio</span> <span class='ocrx_word' id='word_1_164' title='bbox 1295 1332 1335 1365; x_wconf 87' lang='lat' dir='ltr'>ct</span> <span class='ocrx_word' id='word_1_165' title='bbox 1356 1326 1463 1365; x_wconf 87' lang='lat' dir='ltr'>fine:</span> <span class='ocrx_word' id='word_1_166' title='bbox 1490 1324 1696 1379; x_wconf 65' lang='lat' dir='ltr'>Rv’slcipoe</span> 
     </span>
     <span class='ocr_line' id='line_1_19' title="bbox 147 1396 1694 1452; baseline 0 -15"><span class='ocrx_word' id='word_1_167' title='bbox 147 1400 208 1447; x_wconf 88' lang='lat' dir='ltr'>(n.</span> <span class='ocrx_word' id='word_1_168' title='bbox 233 1412 296 1452; x_wconf 88' lang='lat' dir='ltr'>pr.</span> <span class='ocrx_word' id='word_1_169' title='bbox 322 1397 417 1450; x_wconf 85' lang='lat' dir='ltr'>viri)</span> <span class='ocrx_word' id='word_1_170' title='bbox 450 1397 581 1437; x_wconf 80' lang='lat' dir='ltr'>chart.</span> <span class='ocrx_word' id='word_1_171' title='bbox 608 1397 747 1438; x_wconf 86' lang='lat' dir='ltr'>Rhed.</span> <span class='ocrx_word' id='word_1_172' title='bbox 778 1403 813 1446; x_wconf 93' lang='lat'>1,</span> <span class='ocrx_word' id='word_1_173' title='bbox 842 1401 880 1437; x_wconf 91' lang='lat'>2.</span> <span class='ocrx_word' id='word_1_174' title='bbox 907 1413 1007 1451; x_wconf 76' lang='lat' dir='ltr'>enep</span> <span class='ocrx_word' id='word_1_175' title='bbox 1036 1397 1081 1437; x_wconf 91' lang='lat' dir='ltr'>in</span> <span class='ocrx_word' id='word_1_176' title='bbox 1103 1410 1285 1451; x_wconf 88' lang='lat' dir='ltr'>compos.</span> <span class='ocrx_word' id='word_1_177' title='bbox 1323 1396 1574 1450; x_wconf 70' lang='lat' dir='ltr'>enepfflcertlc</span> <span class='ocrx_word' id='word_1_178' title='bbox 1606 1397 1694 1448; x_wconf 91' lang='lat' dir='ltr'>(do-</span> 
     </span>
     <span class='ocr_line' id='line_1_20' title="bbox 145 1468 1161 1523; baseline -0.001 -16"><span class='ocrx_word' id='word_1_179' title='bbox 145 1468 265 1521; x_wconf 83' lang='lat' dir='ltr'>tatio)</span> <span class='ocrx_word' id='word_1_180' title='bbox 288 1468 418 1508; x_wconf 79' lang='lat' dir='ltr'>chart.</span> <span class='ocrx_word' id='word_1_181' title='bbox 448 1469 633 1508; x_wconf 87' lang='lat' dir='ltr'>Landev.</span> <span class='ocrx_word' id='word_1_182' title='bbox 660 1483 727 1522; x_wconf 86' lang='lat' dir='ltr'>ap.</span> <span class='ocrx_word' id='word_1_183' title='bbox 754 1470 901 1509; x_wconf 85' lang='lat' dir='ltr'>Cours.</span> <span class='ocrx_word' id='word_1_184' title='bbox 933 1474 969 1518; x_wconf 84' lang='lat'>1,</span> <span class='ocrx_word' id='word_1_185' title='bbox 995 1484 1037 1523; x_wconf 90' lang='lat' dir='ltr'>p.</span> <span class='ocrx_word' id='word_1_186' title='bbox 1066 1472 1161 1507; x_wconf 77' lang='grc'>424.</span> 
     </span>
    </p>
   </div>
   <div class='ocr_carea' id='block_1_5' title="bbox 140 1560 1695 2544">
    <p class='ocr_par' dir='ltr' id='par_1_5' title="bbox 140 1560 1695 2182">
     <span class='ocr_line' id='line_1_21' title="bbox 257 1560 1692 1615; baseline 0 -14"><span class='ocrx_word' id='word_1_187' title='bbox 257 1564 292 1603; x_wconf 90' lang='grc' dir='ltr'><em>Τ</em></span> <span class='ocrx_word' id='word_1_188' title='bbox 326 1562 371 1601; x_wconf 89' lang='lat' dir='ltr'>in</span> <span class='ocrx_word' id='word_1_189' title='bbox 400 1562 521 1602; x_wconf 87' lang='lat' dir='ltr'>initio</span> <span class='ocrx_word' id='word_1_190' title='bbox 552 1562 663 1602; x_wconf 79' lang='lat' dir='ltr'>vocis</span> <span class='ocrx_word' id='word_1_191' title='bbox 696 1563 902 1602; x_wconf 87' lang='lat' dir='ltr'>secundae</span> <span class='ocrx_word' id='word_1_192' title='bbox 934 1561 1176 1615; x_wconf 76' lang='lat' dir='ltr'>compositi:</span> <span class='ocrx_word' id='word_1_193' title='bbox 1220 1560 1409 1601; x_wconf 66' lang='lat' dir='ltr'>Wotalin</span> <span class='ocrx_word' id='word_1_194' title='bbox 1440 1562 1501 1614; x_wconf 86' lang='lat' dir='ltr'>(n.</span> <span class='ocrx_word' id='word_1_195' title='bbox 1527 1576 1616 1615; x_wconf 89' lang='lat' dir='ltr'>pr.,</span> <span class='ocrx_word' id='word_1_196' title='bbox 1640 1562 1692 1602; x_wconf 87' lang='lat' dir='ltr'>cf.</span> 
     </span>
     <span class='ocr_line' id='line_1_22' title="bbox 151 1631 1695 1686; baseline 0 -13"><span class='ocrx_word' id='word_1_197' title='bbox 151 1633 286 1673; x_wconf 77' lang='grc' dir='ltr'>Ταῖαη</span> <span class='ocrx_word' id='word_1_198' title='bbox 309 1634 418 1673; x_wconf 88' lang='lat' dir='ltr'>Mor.</span> <span class='ocrx_word' id='word_1_199' title='bbox 448 1636 545 1686; x_wconf 80' lang='lat'>309)</span> <span class='ocrx_word' id='word_1_200' title='bbox 578 1633 710 1673; x_wconf 82' lang='lat' dir='ltr'>chart.</span> <span class='ocrx_word' id='word_1_201' title='bbox 736 1633 875 1672; x_wconf 83' lang='lat' dir='ltr'>Rhed.</span> <span class='ocrx_word' id='word_1_202' title='bbox 907 1637 942 1681; x_wconf 88' lang='lat'>1,</span> <span class='ocrx_word' id='word_1_203' title='bbox 972 1636 1009 1672; x_wconf 92' lang='lat'>2.</span> <span class='ocrx_word' id='word_1_204' title='bbox 1046 1631 1278 1672; x_wconf 73' lang='lat' dir='ltr'>Maeltiern</span> <span class='ocrx_word' id='word_1_205' title='bbox 1305 1636 1340 1680; x_wconf 87' lang='lat'>1,</span> <span class='ocrx_word' id='word_1_206' title='bbox 1372 1636 1435 1671; x_wconf 84' lang='grc'>14.</span> <span class='ocrx_word' id='word_1_207' title='bbox 1464 1635 1502 1681; x_wconf 86' lang='grc'>2,</span> <span class='ocrx_word' id='word_1_208' title='bbox 1531 1635 1597 1672; x_wconf 81' lang='lat'><strong>28.</strong></span> <span class='ocrx_word' id='word_1_209' title='bbox 1642 1633 1695 1673; x_wconf 92' lang='lat' dir='ltr'>In</span> 
     </span>
     <span class='ocr_line' id='line_1_23' title="bbox 144 1701 1694 1757; baseline 0 -14"><span class='ocrx_word' id='word_1_210' title='bbox 144 1703 281 1743; x_wconf 89' lang='lat' dir='ltr'>medio</span> <span class='ocrx_word' id='word_1_211' title='bbox 313 1711 354 1743; x_wconf 91' lang='lat' dir='ltr'>et</span> <span class='ocrx_word' id='word_1_212' title='bbox 384 1704 468 1743; x_wconf 89' lang='lat' dir='ltr'>fine</span> <span class='ocrx_word' id='word_1_213' title='bbox 500 1704 544 1743; x_wconf 90' lang='lat' dir='ltr'>in</span> <span class='ocrx_word' id='word_1_214' title='bbox 575 1703 817 1743; x_wconf 88' lang='lat' dir='ltr'>nominibus</span> <span class='ocrx_word' id='word_1_215' title='bbox 848 1702 1025 1757; x_wconf 87' lang='lat' dir='ltr'>propriis</span> <span class='ocrx_word' id='word_1_216' title='bbox 1056 1701 1241 1742; x_wconf 82' lang='lat' dir='ltr'>virorum</span> <span class='ocrx_word' id='word_1_217' title='bbox 1262 1701 1505 1742; x_wconf 84' lang='lat' dir='ltr'>chartularii</span> <span class='ocrx_word' id='word_1_218' title='bbox 1526 1702 1694 1743; x_wconf 72' lang='lat' dir='ltr'>Rhodo-</span> 
     </span>
     <span class='ocr_line' id='line_1_24' title="bbox 144 1772 1694 1822; baseline -0.001 -8"><span class='ocrx_word' id='word_1_219' title='bbox 144 1774 307 1814; x_wconf 81' lang='lat' dir='ltr'>nensis:</span> <span class='ocrx_word' id='word_1_220' title='bbox 352 1775 597 1822; x_wconf 67' lang='lat' dir='ltr'>1V0ratam,</span> <span class='ocrx_word' id='word_1_221' title='bbox 637 1775 838 1813; x_wconf 63' lang='lat' dir='ltr'>Comatam</span> <span class='ocrx_word' id='word_1_222' title='bbox 866 1779 910 1822; x_wconf 86' lang='lat'>1,</span> <span class='ocrx_word' id='word_1_223' title='bbox 939 1777 1005 1812; x_wconf 88' lang='lat'>22.</span> <span class='ocrx_word' id='word_1_224' title='bbox 1034 1777 1100 1811; x_wconf 68' lang='lat'><strong>34.</strong></span> <span class='ocrx_word' id='word_1_225' title='bbox 1134 1772 1258 1812; x_wconf 74' lang='lat' dir='ltr'>Litoc</span> <span class='ocrx_word' id='word_1_226' title='bbox 1281 1775 1329 1820; x_wconf 86' lang='lat'>2,</span> <span class='ocrx_word' id='word_1_227' title='bbox 1357 1775 1423 1811; x_wconf 92' lang='lat'>20.</span> <span class='ocrx_word' id='word_1_228' title='bbox 1452 1776 1518 1811; x_wconf 85' lang='grc'>24.</span> <span class='ocrx_word' id='word_1_229' title='bbox 1562 1772 1694 1813; x_wconf 64' lang='lat' dir='ltr'>Hicin</span> 
     </span>
     <span class='ocr_line' id='line_1_25' title="bbox 144 1841 1689 1893; baseline -0.003 -7"><span class='ocrx_word' id='word_1_230' title='bbox 144 1847 254 1886; x_wconf 87' lang='lat' dir='ltr'>Mor.</span> <span class='ocrx_word' id='word_1_231' title='bbox 289 1848 384 1885; x_wconf 84' lang='lat'><strong>266.</strong></span> <span class='ocrx_word' id='word_1_232' title='bbox 418 1844 641 1885; x_wconf 68' lang='lat' dir='ltr'>Jarnln‘tin</span> <span class='ocrx_word' id='word_1_233' title='bbox 668 1849 703 1893; x_wconf 90' lang='lat'>1,</span> <span class='ocrx_word' id='word_1_234' title='bbox 734 1849 770 1883; x_wconf 92' lang='lat'><strong>7.</strong></span> <span class='ocrx_word' id='word_1_235' title='bbox 799 1846 865 1883; x_wconf 93' lang='lat'>20.</span> <span class='ocrx_word' id='word_1_236' title='bbox 895 1848 962 1883; x_wconf 87' lang='lat'>30.</span> <span class='ocrx_word' id='word_1_237' title='bbox 995 1842 1250 1891; x_wconf 62' lang='lat' dir='ltr'>Jarnlaatoe,</span> <span class='ocrx_word' id='word_1_238' title='bbox 1285 1841 1545 1883; x_wconf 72' lang='lat' dir='ltr'>Jarnhaitou</span> <span class='ocrx_word' id='word_1_239' title='bbox 1572 1847 1614 1892; x_wconf 88' lang='lat'>1,</span> <span class='ocrx_word' id='word_1_240' title='bbox 1652 1848 1689 1882; x_wconf 93' lang='lat'>7.</span> 
     </span>
     <span class='ocr_line' id='line_1_26' title="bbox 147 1913 1689 1965; baseline -0.003 -9"><span class='ocrx_word' id='word_1_241' title='bbox 147 1920 213 1956; x_wconf 83' lang='grc'>29.</span> <span class='ocrx_word' id='word_1_242' title='bbox 248 1916 403 1956; x_wconf 73' lang='lat' dir='ltr'>Dath’n</span> <span class='ocrx_word' id='word_1_243' title='bbox 428 1919 466 1965; x_wconf 89' lang='lat'>2,</span> <span class='ocrx_word' id='word_1_244' title='bbox 495 1920 561 1955; x_wconf 88' lang='lat'><strong>31.</strong></span> <span class='ocrx_word' id='word_1_245' title='bbox 588 1916 696 1955; x_wconf 88' lang='lat' dir='ltr'>Mor.</span> <span class='ocrx_word' id='word_1_246' title='bbox 727 1918 821 1954; x_wconf 88' lang='lat'><strong>273.</strong></span> <span class='ocrx_word' id='word_1_247' title='bbox 866 1914 1072 1962; x_wconf 77' lang='lat' dir='ltr'>Woletec,</span> <span class='ocrx_word' id='word_1_248' title='bbox 1106 1913 1300 1953; x_wconf 72' lang='lat' dir='ltr'>Guoletec</span> <span class='ocrx_word' id='word_1_249' title='bbox 1332 1914 1405 1965; x_wconf 86' lang='lat'>(=</span> <span class='ocrx_word' id='word_1_250' title='bbox 1426 1913 1580 1952; x_wconf 82' lang='lat' dir='ltr'>cambr.</span> <span class='ocrx_word' id='word_1_251' title='bbox 1606 1919 1689 1953; x_wconf 90' lang='lat' dir='ltr'>vet.</span> 
     </span>
     <span class='ocr_line' id='line_1_27' title="bbox 140 1983 1689 2041; baseline -0.003 -14"><span class='ocrx_word' id='word_1_252' title='bbox 140 1987 312 2041; x_wconf 62' lang='lat' dir='ltr'>yzcletz&#39;c)</span> <span class='ocrx_word' id='word_1_253' title='bbox 341 1992 376 2036; x_wconf 91' lang='lat'>1,</span> <span class='ocrx_word' id='word_1_254' title='bbox 405 1992 443 2026; x_wconf 83' lang='lat'>5.</span> <span class='ocrx_word' id='word_1_255' title='bbox 472 1991 509 2026; x_wconf 82' lang='lat'>6.</span> <span class='ocrx_word' id='word_1_256' title='bbox 538 1990 604 2026; x_wconf 88' lang='grc'>22.</span> <span class='ocrx_word' id='word_1_257' title='bbox 634 1991 700 2026; x_wconf 80' lang='grc'>36.</span> <span class='ocrx_word' id='word_1_258' title='bbox 728 1989 766 2035; x_wconf 92' lang='grc'>2,</span> <span class='ocrx_word' id='word_1_259' title='bbox 798 1989 862 2025; x_wconf 88' lang='grc'>16.</span> <span class='ocrx_word' id='word_1_260' title='bbox 899 1986 1025 2025; x_wconf 78' lang='lat' dir='ltr'>Oatoc</span> <span class='ocrx_word' id='word_1_261' title='bbox 1049 1989 1086 2033; x_wconf 92' lang='lat'>1,</span> <span class='ocrx_word' id='word_1_262' title='bbox 1114 1988 1180 2023; x_wconf 85' lang='lat'>53.</span> <span class='ocrx_word' id='word_1_263' title='bbox 1206 1983 1397 2024; x_wconf 78' lang='lat' dir='ltr'>Maelcat</span> <span class='ocrx_word' id='word_1_264' title='bbox 1422 1987 1458 2032; x_wconf 91' lang='lat'>1,</span> <span class='ocrx_word' id='word_1_265' title='bbox 1487 1986 1553 2022; x_wconf 89' lang='lat'>32.</span> <span class='ocrx_word' id='word_1_266' title='bbox 1580 1984 1689 2023; x_wconf 91' lang='lat' dir='ltr'>Mor.</span> 
     </span>
     <span class='ocr_line' id='line_1_28' title="bbox 146 2053 1692 2109; baseline -0.003 -12"><span class='ocrx_word' id='word_1_267' title='bbox 146 2063 251 2107; x_wconf 82' lang='lat'>304,</span> <span class='ocrx_word' id='word_1_268' title='bbox 281 2064 330 2097; x_wconf 87' lang='lat' dir='ltr'>ut</span> <span class='ocrx_word' id='word_1_269' title='bbox 365 2065 406 2098; x_wconf 89' lang='lat' dir='ltr'>et</span> <span class='ocrx_word' id='word_1_270' title='bbox 435 2057 479 2097; x_wconf 91' lang='lat' dir='ltr'>in</span> <span class='ocrx_word' id='word_1_271' title='bbox 510 2072 609 2098; x_wconf 83' lang='lat' dir='ltr'>voce</span> <span class='ocrx_word' id='word_1_272' title='bbox 639 2062 727 2097; x_wconf 81' lang='lat' dir='ltr'>mat</span> <span class='ocrx_word' id='word_1_273' title='bbox 755 2057 926 2109; x_wconf 85' lang='lat' dir='ltr'>(bonus)</span> <span class='ocrx_word' id='word_1_274' title='bbox 958 2054 1196 2109; x_wconf 86' lang='lat' dir='ltr'>frequenter</span> <span class='ocrx_word' id='word_1_275' title='bbox 1225 2053 1346 2094; x_wconf 84' lang='lat' dir='ltr'>obvia</span> <span class='ocrx_word' id='word_1_276' title='bbox 1376 2053 1421 2093; x_wconf 88' lang='lat' dir='ltr'>in</span> <span class='ocrx_word' id='word_1_277' title='bbox 1450 2053 1692 2094; x_wconf 90' lang='lat' dir='ltr'>nominibus</span> 
     </span>
     <span class='ocr_line' id='line_1_29' title="bbox 143 2128 398 2182; baseline 0 -14"><span class='ocrx_word' id='word_1_278' title='bbox 143 2128 398 2182; x_wconf 82' lang='lat' dir='ltr'>compositis.</span> 
     </span>
    </p>

    <p class='ocr_par' dir='ltr' id='par_1_6' title="bbox 142 2205 1692 2544">
     <span class='ocr_line' id='line_1_30' title="bbox 257 2205 1691 2265; baseline -0.003 -14"><span class='ocrx_word' id='word_1_279' title='bbox 257 2212 290 2251; x_wconf 89' lang='lat' dir='ltr'>C</span> <span class='ocrx_word' id='word_1_280' title='bbox 313 2210 357 2250; x_wconf 90' lang='lat' dir='ltr'>in</span> <span class='ocrx_word' id='word_1_281' title='bbox 379 2210 499 2251; x_wconf 90' lang='lat' dir='ltr'>initio</span> <span class='ocrx_word' id='word_1_282' title='bbox 522 2211 566 2251; x_wconf 89' lang='lat' dir='ltr'>in</span> <span class='ocrx_word' id='word_1_283' title='bbox 588 2210 827 2265; x_wconf 85' lang='lat' dir='ltr'>compositis</span> <span class='ocrx_word' id='word_1_284' title='bbox 850 2223 956 2259; x_wconf 79' lang='lat' dir='ltr'>-car,</span> <span class='ocrx_word' id='word_1_285' title='bbox 978 2215 1075 2258; x_wconf 75' lang='lat' dir='ltr'>-cat,</span> <span class='ocrx_word' id='word_1_286' title='bbox 1098 2213 1226 2257; x_wconf 75' lang='lat' dir='ltr'>-ccmt,</span> <span class='ocrx_word' id='word_1_287' title='bbox 1249 2207 1386 2247; x_wconf 74' lang='lat' dir='ltr'>-calon</span> <span class='ocrx_word' id='word_1_288' title='bbox 1403 2205 1691 2260; x_wconf 85' lang='lat' dir='ltr'>frequentibus</span> 
     </span>
     <span class='ocr_line' id='line_1_31' title="bbox 142 2277 1691 2333; baseline -0.003 -11"><span class='ocrx_word' id='word_1_289' title='bbox 142 2282 188 2322; x_wconf 91' lang='lat' dir='ltr'>in</span> <span class='ocrx_word' id='word_1_290' title='bbox 209 2281 461 2322; x_wconf 85' lang='lat' dir='ltr'>chartulario</span> <span class='ocrx_word' id='word_1_291' title='bbox 484 2281 757 2321; x_wconf 73' lang='lat' dir='ltr'>Rhodonensi</span> <span class='ocrx_word' id='word_1_292' title='bbox 778 2280 967 2333; x_wconf 84' lang='lat' dir='ltr'>aliisque,</span> <span class='ocrx_word' id='word_1_293' title='bbox 994 2294 1029 2319; x_wconf 88' lang='lat' dir='ltr'><strong>e.</strong></span> <span class='ocrx_word' id='word_1_294' title='bbox 1055 2294 1118 2333; x_wconf 87' lang='lat' dir='ltr'><strong>gr.</strong></span> <span class='ocrx_word' id='word_1_295' title='bbox 1144 2280 1308 2327; x_wconf 72' lang='lat' dir='ltr'>Hocar,</span> <span class='ocrx_word' id='word_1_296' title='bbox 1334 2277 1524 2326; x_wconf 75' lang='lat' dir='ltr'>Ritcant,</span> <span class='ocrx_word' id='word_1_297' title='bbox 1558 2277 1691 2317; x_wconf 74' lang='lat' dir='ltr'>Gain-</span> 
     </span>
     <span class='ocr_line' id='line_1_32' title="bbox 143 2347 1692 2402; baseline -0.005 -9"><span class='ocrx_word' id='word_1_298' title='bbox 143 2353 262 2393; x_wconf 74' lang='lat' dir='ltr'>ealon</span> <span class='ocrx_word' id='word_1_299' title='bbox 284 2359 363 2392; x_wconf 89' lang='lat' dir='ltr'>ete.</span> <span class='ocrx_word' id='word_1_300' title='bbox 408 2351 462 2392; x_wconf 90' lang='lat' dir='ltr'>In</span> <span class='ocrx_word' id='word_1_301' title='bbox 491 2352 628 2392; x_wconf 90' lang='lat' dir='ltr'>medio</span> <span class='ocrx_word' id='word_1_302' title='bbox 660 2359 701 2392; x_wconf 91' lang='lat' dir='ltr'>et</span> <span class='ocrx_word' id='word_1_303' title='bbox 721 2353 828 2392; x_wconf 89' lang='lat' dir='ltr'>fine:</span> <span class='ocrx_word' id='word_1_304' title='bbox 861 2352 973 2392; x_wconf 78' lang='lat' dir='ltr'>Jaeu</span> <span class='ocrx_word' id='word_1_305' title='bbox 996 2350 1162 2402; x_wconf 84' lang='lat' dir='ltr'>(Jacob)</span> <span class='ocrx_word' id='word_1_306' title='bbox 1185 2348 1360 2397; x_wconf 86' lang='lat' dir='ltr'>ibidem,</span> <span class='ocrx_word' id='word_1_307' title='bbox 1386 2355 1427 2388; x_wconf 91' lang='lat' dir='ltr'>et</span> <span class='ocrx_word' id='word_1_308' title='bbox 1447 2347 1692 2401; x_wconf 85' lang='lat' dir='ltr'>praesertim</span> 
     </span>
     <span class='ocr_line' id='line_1_33' title="bbox 142 2417 1686 2473; baseline -0.005 -10"><span class='ocrx_word' id='word_1_309' title='bbox 142 2424 187 2464; x_wconf 93' lang='lat' dir='ltr'>in</span> <span class='ocrx_word' id='word_1_310' title='bbox 220 2422 585 2464; x_wconf 85' lang='lat' dir='ltr'>terminationibus</span> <span class='ocrx_word' id='word_1_311' title='bbox 617 2423 704 2472; x_wconf 77' lang='lat'>-2&#39;0,</span> <span class='ocrx_word' id='word_1_312' title='bbox 739 2438 825 2471; x_wconf 77' lang='lat' dir='ltr'>-oe,</span> <span class='ocrx_word' id='word_1_313' title='bbox 861 2436 989 2461; x_wconf 75' lang='lat' dir='ltr'>—ocan</span> <span class='ocrx_word' id='word_1_314' title='bbox 1020 2419 1332 2473; x_wconf 82' lang='lat' dir='ltr'>frequentibus,</span> <span class='ocrx_word' id='word_1_315' title='bbox 1368 2433 1404 2458; x_wconf 92' lang='lat' dir='ltr'>e.</span> <span class='ocrx_word' id='word_1_316' title='bbox 1435 2433 1497 2471; x_wconf 85' lang='lat' dir='ltr'><strong>gr.</strong></span> <span class='ocrx_word' id='word_1_317' title='bbox 1531 2417 1686 2467; x_wconf 67' lang='lat' dir='ltr'>Badio,</span> 
     </span>
     <span class='ocr_line' id='line_1_34' title="bbox 142 2494 985 2544; baseline -0.004 -9"><span class='ocrx_word' id='word_1_318' title='bbox 142 2494 323 2544; x_wconf 73' lang='lat' dir='ltr'>Loiesz‘c,</span> <span class='ocrx_word' id='word_1_319' title='bbox 355 2495 494 2543; x_wconf 78' lang='lat' dir='ltr'>Catoc,</span> <span class='ocrx_word' id='word_1_320' title='bbox 520 2494 667 2543; x_wconf 76' lang='lat' dir='ltr'>Lccloc,</span> <span class='ocrx_word' id='word_1_321' title='bbox 694 2494 884 2533; x_wconf 74' lang='lat' dir='ltr'>Lalocan</span> <span class='ocrx_word' id='word_1_322' title='bbox 906 2499 985 2532; x_wconf 82' lang='lat' dir='ltr'>etc.</span> 
     </span>
    </p>
   </div>
   <div class='ocr_carea' id='block_1_6' title="bbox 142 2570 1691 2847">
    <p class='ocr_par' dir='ltr' id='par_1_7' title="bbox 142 2570 1691 2847">
     <span class='ocr_line' id='line_1_35' title="bbox 257 2570 1691 2627; baseline -0.006 -9"><span class='ocrx_word' id='word_1_323' title='bbox 257 2578 401 2618; x_wconf 84' lang='lat' dir='ltr'>Status</span> <span class='ocrx_word' id='word_1_324' title='bbox 430 2574 679 2627; x_wconf 79' lang='lat' dir='ltr'>originarius</span> <span class='ocrx_word' id='word_1_325' title='bbox 713 2574 906 2615; x_wconf 82' lang='lat' dir='ltr'>tenuium</span> <span class='ocrx_word' id='word_1_326' title='bbox 937 2574 981 2614; x_wconf 91' lang='lat' dir='ltr'>in</span> <span class='ocrx_word' id='word_1_327' title='bbox 1008 2573 1074 2613; x_wconf 91' lang='lat' dir='ltr'>his</span> <span class='ocrx_word' id='word_1_328' title='bbox 1106 2585 1203 2625; x_wconf 84' lang='lat' dir='ltr'>ergo</span> <span class='ocrx_word' id='word_1_329' title='bbox 1232 2586 1306 2625; x_wconf 88' lang='lat' dir='ltr'>pro</span> <span class='ocrx_word' id='word_1_330' title='bbox 1336 2570 1481 2624; x_wconf 82' lang='lat' dir='ltr'>regula</span> <span class='ocrx_word' id='word_1_331' title='bbox 1509 2576 1585 2619; x_wconf 89' lang='lat' dir='ltr'>est,</span> <span class='ocrx_word' id='word_1_332' title='bbox 1614 2584 1691 2610; x_wconf 88' lang='lat' dir='ltr'>nee</span> 
     </span>
     <span class='ocr_line' id='line_1_36' title="bbox 143 2640 1691 2704; baseline -0.006 -14"><span class='ocrx_word' id='word_1_333' title='bbox 143 2648 352 2704; x_wconf 39' lang='lat' dir='ltr'>agnoscit-&#39;n&#39;</span> <span class='ocrx_word' id='word_1_334' title='bbox 368 2645 571 2688; x_wconf 88' lang='lat' dir='ltr'>vetustior</span> <span class='ocrx_word' id='word_1_335' title='bbox 605 2644 752 2698; x_wconf 82' lang='lat' dir='ltr'>lingua</span> <span class='ocrx_word' id='word_1_336' title='bbox 787 2645 1022 2686; x_wconf 83' lang='lat' dir='ltr'>britannica</span> <span class='ocrx_word' id='word_1_337' title='bbox 1057 2643 1182 2683; x_wconf 83' lang='lat' dir='ltr'>aliam</span> <span class='ocrx_word' id='word_1_338' title='bbox 1218 2640 1487 2681; x_wconf 86' lang='lat' dir='ltr'>infectionem</span> <span class='ocrx_word' id='word_1_339' title='bbox 1528 2647 1691 2695; x_wconf 82' lang='lat' dir='ltr'>praeter</span> 
     </span>
     <span class='ocr_line' id='line_1_37' title="bbox 143 2710 1690 2775; baseline -0.008 -14"><span class='ocrx_word' id='word_1_340' title='bbox 143 2721 467 2775; x_wconf 82' lang='lat' dir='ltr'>aspiratam,</span> <span class='ocrx_word' id='word_1_341' title='bbox 501 2731 606 2770; x_wconf 83' lang='lat' dir='ltr'>quae</span> <span class='ocrx_word' id='word_1_342' title='bbox 637 2715 799 2756; x_wconf 82' lang='lat' dir='ltr'>invadit</span> <span class='ocrx_word' id='word_1_343' title='bbox 835 2723 982 2756; x_wconf 87' lang='lat' dir='ltr'>tenues</span> <span class='ocrx_word' id='word_1_344' title='bbox 1012 2714 1057 2754; x_wconf 90' lang='lat' dir='ltr'>in</span> <span class='ocrx_word' id='word_1_345' title='bbox 1086 2711 1224 2753; x_wconf 87' lang='lat' dir='ltr'>medio</span> <span class='ocrx_word' id='word_1_346' title='bbox 1254 2711 1319 2751; x_wconf 88' lang='lat' dir='ltr'>vel</span> <span class='ocrx_word' id='word_1_347' title='bbox 1350 2713 1433 2751; x_wconf 90' lang='lat' dir='ltr'>fine</span> <span class='ocrx_word' id='word_1_348' title='bbox 1464 2725 1615 2752; x_wconf 84' lang='lat' dir='ltr'>vocum</span> <span class='ocrx_word' id='word_1_349' title='bbox 1645 2710 1690 2750; x_wconf 91' lang='lat' dir='ltr'>in</span> 
     </span>
     <span class='ocr_line' id='line_1_38' title="bbox 142 2780 1689 2847; baseline -0.008 -15"><span class='ocrx_word' id='word_1_350' title='bbox 142 2791 348 2847; x_wconf 84' lang='lat' dir='ltr'>positione</span> <span class='ocrx_word' id='word_1_351' title='bbox 369 2790 465 2844; x_wconf 87' lang='lat' dir='ltr'>plus</span> <span class='ocrx_word' id='word_1_352' title='bbox 487 2788 552 2828; x_wconf 90' lang='lat' dir='ltr'>vel</span> <span class='ocrx_word' id='word_1_353' title='bbox 574 2787 730 2836; x_wconf 87' lang='lat' dir='ltr'>minus,</span> <span class='ocrx_word' id='word_1_354' title='bbox 750 2785 891 2826; x_wconf 88' lang='lat' dir='ltr'>minus</span> <span class='ocrx_word' id='word_1_355' title='bbox 913 2800 949 2825; x_wconf 83' lang='lat' dir='ltr'><strong>e.</strong></span> <span class='ocrx_word' id='word_1_356' title='bbox 970 2800 1032 2839; x_wconf 84' lang='lat' dir='ltr'><strong>gr.</strong></span> <span class='ocrx_word' id='word_1_357' title='bbox 1055 2784 1098 2824; x_wconf 90' lang='lat' dir='ltr'>in</span> <span class='ocrx_word' id='word_1_358' title='bbox 1120 2782 1327 2837; x_wconf 85' lang='lat' dir='ltr'>positione</span> <span class='ocrx_word' id='word_1_359' title='bbox 1344 2797 1441 2832; x_wconf 86' lang='lat' dir='ltr'>cum</span> <span class='ocrx_word' id='word_1_360' title='bbox 1459 2783 1502 2831; x_wconf 81' lang='lat' dir='ltr'>S,</span> <span class='ocrx_word' id='word_1_361' title='bbox 1524 2780 1689 2835; x_wconf 87' lang='lat' dir='ltr'>saepius</span> 
     </span>
    </p>
   </div>
  </div>
 </body>
</html>
