1897 3072
195 84 332 120 XXVI
847 97 1108 124 PRAEFATIO.

194 195 356 242 ctioris
389 195 674 257 disciplinae
707 198 834 244 viam
868 199 1146 260 ingrediens
1181 216 1229 246 se
1274 200 1460 247 includi
1474 199 1514 262 *l
1565 200 1748 246 ibidem

193 274 360 322 fecit''.
425 277 500 322 De
527 277 745 338 Lagenia
768 278 926 339 patria
958 285 1006 324 et
1031 280 1313 340 episcopatu
1339 280 1749 326 Glendalochensi

196 353 274 415 (cf.
313 355 439 401 Boll.
471 357 616 402 Febr.
649 358 693 411 2,
738 358 853 403 834.
899 359 1017 403 Jun.
1057 359 1096 411 1,
1140 359 1261 414 3103
1331 359 1750 407 Dunealidonien—

193 450 293 480 sem
320 436 613 480 monachum
638 443 782 482 antea
812 435 929 482 facit
954 453 1066 482 eum
1093 438 1216 484 Dav.
1248 439 1577 492 Camerarius,
1618 440 1744 485 Boll.

196 515 339 559 Febr.
373 515 417 567 2,
452 514 564 576 364)
594 522 721 561 tacet
746 516 875 561 idem
901 517 1167 562 monachus
1182 517 1548 564 Ratisbonensis
1567 519 1749 565 Hiber-

194 609 308 639 nus.
352 600 401 638 et
426 594 706 640 Marianum
739 612 798 641 ex
833 595 1196 655 aquilonaribus
1229 598 1448 658 partibus
1477 598 1748 644 Hiberniae

194 673 456 719 oriundum
498 673 639 727 dicit,
691 675 1017 734 oriundosque
1054 692 1115 721 ex
1147 675 1319 722 iisdem
1352 678 1632 740 regionibus
1665 694 1749 723 sex

193 767 502 806 successores,
531 753 792 814 septimum
815 756 1011 801 demum
1030 755 1280 801 Domuum
1302 758 1358 801 “a
1375 763 1512 817 parte
1526 757 1748 802 australis

192 831 496 878 Hiberniae“
525 841 699 887 ortum,
731 840 840 895 post
865 849 1011 893 quem
1037 841 1233 881 octavus
1247 835 1552 882 Christianus
1578 837 1640 882 ad
1663 852 1749 897 pa-

192 911 333 956 triam
359 928 612 974 aggressus
641 919 690 959 et
722 914 835 959 inde
861 930 1103 976 regressus
1139 914 1414 974 iterumque
1447 931 1666 961 remeans
1697 915 1749 961 in

191 990 435 1037 Hibernia
460 997 678 1038 mortuus
704 1000 791 1039 est.

327 1071 699 1134 YVirziburgum
726 1074 786 1118 ab
812 1073 902 1118 hoc
923 1074 1098 1119 abbate
1115 1073 1458 1119 Ratisbonensi
1471 1074 1748 1120 Christiano

190 1150 241 1195 in
267 1152 613 1197 monasterium
641 1152 893 1198 Scotorum
919 1155 979 1199 ab
1006 1153 1230 1215 episcopo
1252 1154 1578 1199 Embrichone
1605 1170 1630 1199 e
1648 1153 1748 1214 pri—

188 1230 279 1275 mis
304 1229 635 1276 fundamentis
662 1239 875 1278 erectum
902 1249 945 1278 a.
984 1233 1125 1285 1134,
1166 1239 1221 1279 ut
1246 1233 1505 1294 indigenae
1530 1232 1748 1279 referunt

188 1310 446 1356 relationes
473 1310 677 1372 (Gropp.
710 1311 885 1373 Script.
917 1328 1007 1357 rer.
1039 1312 1351 1375 NVirceburg.
1391 1314 1429 1366 l,
1464 1313 1601 1374 520),
1634 1313 1748 1358 mis-

189 1405 267 1435 sus
304 1395 376 1436 est
411 1391 596 1451 primus
623 1392 771 1436 abbas
804 1393 944 1436 “cum
981 1391 1167 1450 aliquot
1193 1391 1450 1438 fratribus”
1479 1392 1739 1446 Macarius,

189 1469 276 1529 qui
303 1470 487 1515 auctori
514 1470 660 1516 Vitae
687 1470 900 1516 Mariani
926 1471 1104 1517 dicitur
1133 1474 1153 1484 “
1170 1472 1221 1517 in
1245 1472 1353 1535 lege
1381 1471 1547 1517 divina
1571 1471 1747 1517 doctis-

187 1548 336 1594 simus
370 1556 516 1608 atque
553 1549 755 1595 diutinis
787 1550 1064 1596 liberalium
1099 1551 1276 1597 artium
1312 1552 1484 1597 studiis
1513 1568 1622 1612 per
1655 1557 1746 1597 to-

189 1634 302 1674 tam
329 1629 379 1674 H
395 1629 631 1674 ibernia
644 1646 690 1673 m
717 1629 1106 1677 celeberrimus'’.
1143 1632 1259 1677 Post
1278 1647 1389 1677 eum
1408 1631 1577 1677 tertius
1596 1632 1745 1677 abbas

188 1708 438 1753 Scotorum
473 1709 949 1769 XVirziburgensium
975 1711 1149 1765 Carus,
1182 1711 1392 1756 Conradi
1424 1711 1550 1771 regis
1583 1710 1743 1771 capel-

184 1787 349 1841 lanus,
389 1787 580 1833 fundati
616 1787 967 1850 Norimbergae
1001 1791 1252 1836 Scotorum
1286 1790 1564 1835 monasterii
1599 1789 1745 1850 (quod

186 1867 330 1912 hodie
371 1874 443 1913 est
482 1868 788 1929 gymnasium
832 1869 1185 1930 Aegidianum,
1238 1887 1281 1914 a.
1324 1869 1450 1915 1526
1492 1886 1521 1915 a
1553 1870 1745 1915 Melan—

186 1947 397 1994 chthono
416 1948 777 2011 inauguratum)
793 1948 978 2009 primus
995 1947 1151 1995 factus
1170 1950 1333 2003 abbas,
1358 1949 1427 1994 ibi
1446 1950 1735 2004 Declanum,

277 2150 293 2164 ³*
318 2149 373 2183 De
400 2151 524 2185 ordine
543 2152 762 2186 inclusorum
789 2151 847 2197 pia
864 2157 1041 2186 tormenta
1058 2152 1231 2186 Indorum
1258 2157 1447 2197 superante
1470 2158 1742 2186 monumentum

187 2209 368 2239 vetustum
387 2215 584 2242 memoratu
612 2215 645 2242 et
672 2209 767 2243 lectu
792 2214 885 2243 certe
904 2210 1052 2255 (lignum
1082 2210 1182 2243 offert
1202 2209 1365 2242 Raderus
1392 2209 1426 2242 in
1447 2210 1595 2243 Bavaria
1622 2216 1744 2244 sancta

186 2265 218 2302 3,
245 2265 320 2296 115.
347 2264 525 2298 Addenda
543 2272 626 2299 sunt
645 2266 711 2306 his,
733 2278 823 2311 quae
841 2272 1004 2300 vetustus
1023 2267 1173 2311 scriptor
1191 2266 1234 2300 de
1253 2265 1416 2299 Findano
1436 2266 1554 2307 Scoto,
1577 2267 1638 2311 qui
1656 2267 1742 2300 dici-

186 2325 244 2352 tur
265 2318 471 2363 “reclusus‚
504 2323 539 2355 in
568 2324 766 2357 arctissimo
789 2323 867 2356 loco
886 2322 1072 2357 inclusus’'
1103 2324 1198 2369 apud
1224 2322 1477 2356 monasterium
1497 2323 1741 2367 Rinaugiense

185 2376 278 2410 circa
303 2389 335 2410 a.
365 2380 429 2411 800
458 2384 491 2412 et
519 2380 561 2412 (le
588 2386 730 2413 austero
756 2381 832 2425 ejus
858 2380 1000 2414 vivendi
1026 2381 1132 2413 modo
1160 2385 1279 2413 narrat.
1313 2379 1491 2418 (Goldast.
1514 2380 1642 2425 Script.
1671 2393 1739 2415 rer.

185 2433 289 2466 alam.
316 2437 342 2475 1,
365 2435 458 2480 205).
498 2436 566 2470 Per
583 2439 625 2469 :30
645 2449 756 2471 annos
771 2436 992 2482 “spontanee
1011 2435 1172 2470 clausu?
1202 2435 1382 2469 Eusebius
1401 2436 1530 2470 Scotus
1558 2437 1593 2470 in
1619 2444 1740 2472 monte

185 2490 221 2523 S.
244 2491 397 2525 Victoris
416 2492 505 2526 vixit
522 2493 646 2527 eodem
666 2494 807 2527 saeculo
826 2500 979 2528 exeunte
1001 2494 1129 2539 (Pertz.
1152 2496 1182 2535 2,
1206 2493 1276 2537 73).
1320 2492 1517 2527 Praecessit
1536 2494 1739 2528 Marianum

184 2547 349 2582 abbatem
377 2550 482 2584 otiam
511 2552 638 2585 scotus
657 2551 876 2585 Ratisbonae
900 2549 961 2584 “in
982 2550 1155 2595 superiori
1173 2550 1388 2583 monasterio
1414 2549 1602 2583 reclusus’'
1640 2551 1740 2584 Mur-

185 2605 350 2640 cberatus
378 2607 432 2641 vel
464 2608 808 2642 Muricherodachus
839 2607 945 2652 (Boll.
968 2608 1071 2641 Febr.
1094 2609 1124 2648 2,
1156 2610 1233 2640 3131.
1262 2609 1347 2647 3653
1378 2607 1515 2641 hibern.
1536 2607 1739 2641 ,Hah-elwr-

185 2664 291 2708 taeh),
315 2664 450 2698 Fuldae
469 2665 672 2699 Marianum
691 2664 1004 2709 chronographum
1024 2663 1152 2697 Scotus
1170 2664 1330 2697 inclusus
1341 2664 1561 2698 Animcadus
1583 2664 1736 2709 (hibern.

182 2720 428 2766 Afflmelnffl),
467 2728 499 2756 et
518 2723 792 2756 Paderbronnae
820 2721 913 2754 idem
932 2720 1116 2754 Marianus
1142 2726 1266 2766 postea
1291 2720 1375 2754 item
1403 2720 1562 2754 inclusus
1582 2722 1740 2755 visitavit

182 2777 384 2822 sepulcrum
413 2780 509 2814 Scoti
536 2780 679 2815 Paterni
707 2778 855 2820 inclusi,
887 2777 947 2823 qui
971 2776 1155 2811 “ambiens
1174 2777 1392 2818 martirium,
1414 2777 1450 2810 in
1468 2790 1531 2824 sua
1550 2776 1734 2812 clausola'’

180 2833 263 2879 igne
282 2836 442 2873 consumi
461 2849 497 2870 se
515 2849 640 2882 passus
652 2842 705 2871 est
719 2836 777 2884 (cf,
791 2835 944 2870 Mariani
962 2835 1073 2880 ipsius
1087 2833 1279 2868 chronicon
1299 2846 1354 2880 ap.
1368 2835 1483 2869 Pertz.
1499 2838 1529 2877 7,
1548 2838 1626 2869 557.
1641 2835 1735 2880 555).
