<?xml version="1.0" encoding="UTF-8"?>
<!DOCTYPE html PUBLIC "-//W3C//DTD XHTML 1.0 Transitional//EN"
    "http://www.w3.org/TR/xhtml1/DTD/xhtml1-transitional.dtd">
<html xmlns="http://www.w3.org/1999/xhtml" xml:lang="en" lang="en">
 <head>
  <title>
</title>
<meta http-equiv="Content-Type" content="text/html;charset=utf-8" />
  <meta name='ocr-system' content='tesseract 3.04.00' />
  <meta name='ocr-capabilities' content='ocr_page ocr_carea ocr_par ocr_line ocrx_word'/>
</head>
<body>
  <div class='ocr_page' id='page_1' title='image "./grammaticaceltic01zeusuoft_0577.png"; bbox 0 0 1897 3072; ppageno 0'>
   <div class='ocr_carea' id='block_1_1' title="bbox 212 134 1702 179">
    <p class='ocr_par' dir='ltr' id='par_1_1' title="bbox 212 134 1702 179">
     <span class='ocr_line' id='line_1_1' title="bbox 212 134 1702 179; baseline 0.003 -5"><span class='ocrx_word' id='word_1_1' title='bbox 212 134 300 174; x_wconf 92' lang='grc' dir='ltr'><strong>ΙΙΙ.</strong></span> <span class='ocrx_word' id='word_1_2' title='bbox 325 137 362 174; x_wconf 88' lang='grc'>2.</span> <span class='ocrx_word' id='word_1_3' title='bbox 400 148 534 176; x_wconf 69' lang='lat' dir='ltr'>vnum</span> <span class='ocrx_word' id='word_1_4' title='bbox 559 149 821 176; x_wconf 70' lang='lat' dir='ltr'>BRITANNICI</span> <span class='ocrx_word' id='word_1_5' title='bbox 839 149 985 176; x_wconf 80' lang='lat' dir='ltr'>AeT1v1</span> <span class='ocrx_word' id='word_1_6' title='bbox 1009 150 1244 178; x_wconf 68' lang='lat' dir='ltr'>coNJuch.</span> <span class='ocrx_word' id='word_1_7' title='bbox 1266 152 1319 178; x_wconf 85' lang='lat' dir='ltr'>ET</span> <span class='ocrx_word' id='word_1_8' title='bbox 1343 151 1556 179; x_wconf 75' lang='lat' dir='ltr'><strong>lMPERAT.</strong></span> <span class='ocrx_word' id='word_1_9' title='bbox 1622 141 1702 178; x_wconf 80' lang='lat'>515</span> 
     </span>
    </p>
   </div>
   <div class='ocr_carea' id='block_1_2' title="bbox 711 300 1135 353">
    <p class='ocr_par' dir='ltr' id='par_1_2' title="bbox 711 300 1135 353">
     <span class='ocr_line' id='line_1_2' title="bbox 711 300 1135 353; baseline 0.002 -13"><span class='ocrx_word' id='word_1_10' title='bbox 711 300 1135 353; x_wconf 83' lang='lat' dir='ltr'>Conjunctivus.</span> 
     </span>
    </p>
   </div>
   <div class='ocr_carea' id='block_1_3' title="bbox 131 421 1700 1948">
    <p class='ocr_par' dir='ltr' id='par_1_3' title="bbox 131 421 1700 1948">
     <span class='ocr_line' id='line_1_3' title="bbox 265 421 1696 477; baseline 0.003 -14"><span class='ocrx_word' id='word_1_11' title='bbox 265 421 593 475; x_wconf 88' lang='lat' dir='ltr'>Conjunctivum</span> <span class='ocrx_word' id='word_1_12' title='bbox 622 423 852 476; x_wconf 84' lang='lat' dir='ltr'>praesentis</span> <span class='ocrx_word' id='word_1_13' title='bbox 880 423 1050 477; x_wconf 78' lang='lat' dir='ltr'>linguae</span> <span class='ocrx_word' id='word_1_14' title='bbox 1080 424 1319 465; x_wconf 78' lang='lat' dir='ltr'>hibernicae</span> <span class='ocrx_word' id='word_1_15' title='bbox 1350 426 1482 466; x_wconf 89' lang='lat' dir='ltr'>vocali</span> <span class='ocrx_word' id='word_1_16' title='bbox 1510 441 1536 466; x_wconf 81' lang='grc' dir='ltr'>(ι</span> <span class='ocrx_word' id='word_1_17' title='bbox 1567 427 1696 467; x_wconf 88' lang='lat' dir='ltr'>domi—</span> 
     </span>
     <span class='ocr_line' id='line_1_4' title="bbox 150 493 1696 550; baseline 0.003 -18"><span class='ocrx_word' id='word_1_18' title='bbox 150 499 279 533; x_wconf 89' lang='lat' dir='ltr'>nante</span> <span class='ocrx_word' id='word_1_19' title='bbox 317 507 391 546; x_wconf 83' lang='lat' dir='ltr'>per</span> <span class='ocrx_word' id='word_1_20' title='bbox 428 506 701 546; x_wconf 88' lang='lat' dir='ltr'>personarum</span> <span class='ocrx_word' id='word_1_21' title='bbox 731 493 931 534; x_wconf 76' lang='lat' dir='ltr'>flexiones</span> <span class='ocrx_word' id='word_1_22' title='bbox 961 493 1208 534; x_wconf 85' lang='lat' dir='ltr'>distinctum</span> <span class='ocrx_word' id='word_1_23' title='bbox 1239 495 1290 535; x_wconf 83' lang='lat' dir='ltr'>ab</span> <span class='ocrx_word' id='word_1_24' title='bbox 1320 495 1411 536; x_wconf 87' lang='lat' dir='ltr'>aliis</span> <span class='ocrx_word' id='word_1_25' title='bbox 1441 497 1696 550; x_wconf 78' lang='lat' dir='ltr'>temporibus</span> 
     </span>
     <span class='ocr_line' id='line_1_5' title="bbox 150 562 1696 620; baseline 0.003 -18"><span class='ocrx_word' id='word_1_26' title='bbox 150 565 210 616; x_wconf 91' lang='lat' dir='ltr'>(p.</span> <span class='ocrx_word' id='word_1_27' title='bbox 239 565 338 616; x_wconf 80' lang='lat'>455)</span> <span class='ocrx_word' id='word_1_28' title='bbox 360 577 446 602; x_wconf 90' lang='lat' dir='ltr'>non</span> <span class='ocrx_word' id='word_1_29' title='bbox 467 563 662 616; x_wconf 91' lang='lat' dir='ltr'>ignotum</span> <span class='ocrx_word' id='word_1_30' title='bbox 683 562 811 603; x_wconf 85' lang='lat' dir='ltr'>fuisse</span> <span class='ocrx_word' id='word_1_31' title='bbox 832 563 958 603; x_wconf 89' lang='lat' dir='ltr'>etiam</span> <span class='ocrx_word' id='word_1_32' title='bbox 977 563 1236 604; x_wconf 78' lang='lat' dir='ltr'>britannicae</span> <span class='ocrx_word' id='word_1_33' title='bbox 1258 564 1442 618; x_wconf 79' lang='lat' dir='ltr'>linguae,</span> <span class='ocrx_word' id='word_1_34' title='bbox 1464 567 1604 620; x_wconf 79' lang='lat' dir='ltr'>colligi</span> <span class='ocrx_word' id='word_1_35' title='bbox 1625 582 1696 620; x_wconf 89' lang='lat' dir='ltr'>po-</span> 
     </span>
     <span class='ocr_line' id='line_1_6' title="bbox 149 633 1696 689; baseline 0.003 -17"><span class='ocrx_word' id='word_1_36' title='bbox 149 633 246 673; x_wconf 91' lang='lat' dir='ltr'>terit</span> <span class='ocrx_word' id='word_1_37' title='bbox 277 647 298 673; x_wconf 89' lang='lat' dir='ltr'>e</span> <span class='ocrx_word' id='word_1_38' title='bbox 319 633 605 687; x_wconf 81' lang='lat' dir='ltr'>paradigmate</span> <span class='ocrx_word' id='word_1_39' title='bbox 626 633 741 673; x_wconf 88' lang='lat' dir='ltr'>verbi</span> <span class='ocrx_word' id='word_1_40' title='bbox 763 633 917 674; x_wconf 89' lang='lat' dir='ltr'>cornici</span> <span class='ocrx_word' id='word_1_41' title='bbox 939 635 1051 688; x_wconf 87' lang='lat' dir='ltr'>apud</span> <span class='ocrx_word' id='word_1_42' title='bbox 1075 635 1206 687; x_wconf 68' lang='lat' dir='ltr'>Pryce</span> <span class='ocrx_word' id='word_1_43' title='bbox 1229 635 1522 689; x_wconf 76' lang='lat' dir='ltr'>(Archaeolog.</span> <span class='ocrx_word' id='word_1_44' title='bbox 1548 652 1696 677; x_wconf 91' lang='lat' dir='ltr'>cornu-</span> 
     </span>
     <span class='ocr_line' id='line_1_7' title="bbox 147 702 1695 761; baseline 0.004 -19"><span class='ocrx_word' id='word_1_45' title='bbox 147 703 245 743; x_wconf 87' lang='lat' dir='ltr'>brit.</span> <span class='ocrx_word' id='word_1_46' title='bbox 270 718 313 757; x_wconf 82' lang='lat' dir='ltr'>p.</span> <span class='ocrx_word' id='word_1_47' title='bbox 340 705 435 756; x_wconf 74' lang='lat'>41):</span> <span class='ocrx_word' id='word_1_48' title='bbox 472 703 592 756; x_wconf 85' lang='lat' dir='ltr'>Sing.</span> <span class='ocrx_word' id='word_1_49' title='bbox 624 707 659 742; x_wconf 91' lang='lat'>1.</span> <span class='ocrx_word' id='word_1_50' title='bbox 692 702 782 743; x_wconf 72' lang='lat' dir='ltr'>mai</span> <span class='ocrx_word' id='word_1_51' title='bbox 800 703 984 744; x_wconf 66' lang='lat' dir='ltr'>hecellam</span> <span class='ocrx_word' id='word_1_52' title='bbox 1007 706 1073 756; x_wconf 81' lang='lat' dir='ltr'>(ut</span> <span class='ocrx_word' id='word_1_53' title='bbox 1094 703 1280 753; x_wconf 85' lang='lat' dir='ltr'>videam3</span> <span class='ocrx_word' id='word_1_54' title='bbox 1315 705 1343 745; x_wconf 91' lang='lat' dir='ltr'>h</span> <span class='ocrx_word' id='word_1_55' title='bbox 1365 720 1385 745; x_wconf 90' lang='lat' dir='ltr'>e</span> <span class='ocrx_word' id='word_1_56' title='bbox 1403 720 1432 759; x_wconf 70' lang='lat'><em>9</em></span> <span class='ocrx_word' id='word_1_57' title='bbox 1453 714 1548 760; x_wconf 88' lang='lat' dir='ltr'>post</span> <span class='ocrx_word' id='word_1_58' title='bbox 1569 707 1695 761; x_wconf 88' lang='lat' dir='ltr'>parti-</span> 
     </span>
     <span class='ocr_line' id='line_1_8' title="bbox 148 773 1700 826; baseline 0.003 -13"><span class='ocrx_word' id='word_1_59' title='bbox 148 773 287 813; x_wconf 85' lang='lat' dir='ltr'>culam</span> <span class='ocrx_word' id='word_1_60' title='bbox 317 773 417 822; x_wconf 65' lang='grc' dir='ltr'>Μαί,</span> <span class='ocrx_word' id='word_1_61' title='bbox 443 788 485 826; x_wconf 90' lang='lat' dir='ltr'>p.</span> <span class='ocrx_word' id='word_1_62' title='bbox 511 776 625 826; x_wconf 83' lang='lat'>219),</span> <span class='ocrx_word' id='word_1_63' title='bbox 655 776 693 812; x_wconf 92' lang='grc'>2.</span> <span class='ocrx_word' id='word_1_64' title='bbox 719 773 809 813; x_wconf 70' lang='lat' dir='ltr'>mai</span> <span class='ocrx_word' id='word_1_65' title='bbox 832 773 1013 821; x_wconf 71' lang='lat' dir='ltr'>hzcellaz,</span> <span class='ocrx_word' id='word_1_66' title='bbox 1042 777 1080 812; x_wconf 86' lang='lat'>3.</span> <span class='ocrx_word' id='word_1_67' title='bbox 1105 773 1194 813; x_wconf 71' lang='lat' dir='ltr'>maz·</span> <span class='ocrx_word' id='word_1_68' title='bbox 1212 773 1364 814; x_wconf 64' lang='lat' dir='ltr'>hueilo.</span> <span class='ocrx_word' id='word_1_69' title='bbox 1400 776 1518 816; x_wconf 89' lang='lat' dir='ltr'>Plur.</span> <span class='ocrx_word' id='word_1_70' title='bbox 1550 782 1585 817; x_wconf 86' lang='lat'>1.</span> <span class='ocrx_word' id='word_1_71' title='bbox 1611 778 1700 817; x_wconf 70' lang='lat' dir='ltr'>mai</span> 
     </span>
     <span class='ocr_line' id='line_1_9' title="bbox 147 842 1695 896; baseline 0.003 -14"><span class='ocrx_word' id='word_1_72' title='bbox 147 842 318 883; x_wconf 70' lang='lat' dir='ltr'>hecellan</span> <span class='ocrx_word' id='word_1_73' title='bbox 341 844 407 896; x_wconf 82' lang='lat' dir='ltr'>(ut</span> <span class='ocrx_word' id='word_1_74' title='bbox 428 843 678 895; x_wconf 85' lang='lat' dir='ltr'>videamus),</span> <span class='ocrx_word' id='word_1_75' title='bbox 707 847 745 883; x_wconf 83' lang='lat'>2.</span> <span class='ocrx_word' id='word_1_76' title='bbox 770 843 861 883; x_wconf 75' lang='lat' dir='ltr'>mai</span> <span class='ocrx_word' id='word_1_77' title='bbox 878 843 1060 890; x_wconf 78' lang='lat' dir='ltr'>huelloh,</span> <span class='ocrx_word' id='word_1_78' title='bbox 1089 847 1127 882; x_wconf 87' lang='lat'>3.</span> <span class='ocrx_word' id='word_1_79' title='bbox 1153 843 1242 882; x_wconf 63' lang='lat' dir='ltr'>mai</span> <span class='ocrx_word' id='word_1_80' title='bbox 1260 843 1468 885; x_wconf 66' lang='lat' dir='ltr'>huellanz.</span> <span class='ocrx_word' id='word_1_81' title='bbox 1514 847 1597 887; x_wconf 74' lang='lat' dir='ltr'>Sed</span> <span class='ocrx_word' id='word_1_82' title='bbox 1618 847 1695 887; x_wconf 92' lang='lat' dir='ltr'>hu-</span> 
     </span>
     <span class='ocr_line' id='line_1_10' title="bbox 141 911 1696 966; baseline 0.003 -14"><span class='ocrx_word' id='word_1_83' title='bbox 141 912 329 966; x_wconf 88' lang='lat' dir='ltr'>jusmodi</span> <span class='ocrx_word' id='word_1_84' title='bbox 357 912 532 953; x_wconf 89' lang='lat' dir='ltr'>unicum</span> <span class='ocrx_word' id='word_1_85' title='bbox 563 920 730 953; x_wconf 87' lang='lat' dir='ltr'>tantum</span> <span class='ocrx_word' id='word_1_86' title='bbox 761 911 967 953; x_wconf 86' lang='lat' dir='ltr'>vetustius</span> <span class='ocrx_word' id='word_1_87' title='bbox 990 912 1230 965; x_wconf 81' lang='lat' dir='ltr'>exemplum</span> <span class='ocrx_word' id='word_1_88' title='bbox 1251 913 1356 952; x_wconf 90' lang='lat' dir='ltr'>mihi</span> <span class='ocrx_word' id='word_1_89' title='bbox 1378 914 1547 955; x_wconf 89' lang='lat' dir='ltr'>obvium</span> <span class='ocrx_word' id='word_1_90' title='bbox 1568 923 1630 955; x_wconf 87' lang='lat' dir='ltr'>est</span> <span class='ocrx_word' id='word_1_91' title='bbox 1651 916 1696 956; x_wconf 91' lang='lat' dir='ltr'>in</span> 
     </span>
     <span class='ocr_line' id='line_1_11' title="bbox 147 982 1696 1039; baseline 0.001 -16"><span class='ocrx_word' id='word_1_92' title='bbox 147 984 292 1023; x_wconf 87' lang='lat' dir='ltr'>Pass.:</span> <span class='ocrx_word' id='word_1_93' title='bbox 327 997 412 1024; x_wconf 75' lang='lat' dir='ltr'>mes</span> <span class='ocrx_word' id='word_1_94' title='bbox 443 997 564 1023; x_wconf 77' lang='lat' dir='ltr'>mara</span> <span class='ocrx_word' id='word_1_95' title='bbox 582 983 717 1036; x_wconf 70' lang='lat' dir='ltr'>pethcc</span> <span class='ocrx_word' id='word_1_96' title='bbox 749 982 862 1036; x_wconf 62' lang='lat' dir='ltr'>defsis</span> <span class='ocrx_word' id='word_1_97' title='bbox 881 997 990 1036; x_wconf 60' lang='lat' dir='ltr'>{sans</span> <span class='ocrx_word' id='word_1_98' title='bbox 1010 997 1036 1037; x_wconf 75' lang='lat' dir='ltr'><strong><em>y</em></strong></span> <span class='ocrx_word' id='word_1_99' title='bbox 1063 983 1140 1022; x_wconf 69' lang='lat' dir='ltr'>das</span> <span class='ocrx_word' id='word_1_100' title='bbox 1161 997 1246 1022; x_wconf 71' lang='lat' dir='ltr'>nan</span> <span class='ocrx_word' id='word_1_101' title='bbox 1269 983 1414 1037; x_wconf 79' lang='lat' dir='ltr'>eaffim</span> <span class='ocrx_word' id='word_1_102' title='bbox 1436 999 1490 1039; x_wconf 68' lang='lat' dir='ltr'>ms</span> <span class='ocrx_word' id='word_1_103' title='bbox 1515 985 1639 1035; x_wconf 82' lang='lat' dir='ltr'>(foras</span> <span class='ocrx_word' id='word_1_104' title='bbox 1663 986 1696 1025; x_wconf 85' lang='lat' dir='ltr'>si</span> 
     </span>
     <span class='ocr_line' id='line_1_12' title="bbox 146 1052 1696 1105; baseline 0.003 -13"><span class='ocrx_word' id='word_1_105' title='bbox 146 1052 273 1093; x_wconf 87' lang='lat' dir='ltr'>fuerit</span> <span class='ocrx_word' id='word_1_106' title='bbox 304 1053 482 1101; x_wconf 85' lang='lat' dir='ltr'>ablatus,</span> <span class='ocrx_word' id='word_1_107' title='bbox 507 1052 566 1093; x_wconf 88' lang='lat' dir='ltr'>ita</span> <span class='ocrx_word' id='word_1_108' title='bbox 596 1061 644 1093; x_wconf 90' lang='lat' dir='ltr'>ut</span> <span class='ocrx_word' id='word_1_109' title='bbox 665 1068 761 1093; x_wconf 87' lang='lat' dir='ltr'>eum</span> <span class='ocrx_word' id='word_1_110' title='bbox 782 1068 869 1093; x_wconf 93' lang='lat' dir='ltr'>non</span> <span class='ocrx_word' id='word_1_111' title='bbox 891 1052 1155 1092; x_wconf 81' lang='lat' dir='ltr'>inveniamus</span> <span class='ocrx_word' id='word_1_112' title='bbox 1176 1054 1271 1105; x_wconf 88' lang='lat' dir='ltr'>nos)</span> <span class='ocrx_word' id='word_1_113' title='bbox 1296 1056 1391 1102; x_wconf 76' lang='grc'>240,</span> <span class='ocrx_word' id='word_1_114' title='bbox 1419 1058 1457 1093; x_wconf 88' lang='grc'>3.</span> <span class='ocrx_word' id='word_1_115' title='bbox 1502 1055 1696 1096; x_wconf 90' lang='lat' dir='ltr'>Obtinet-</span> 
     </span>
     <span class='ocr_line' id='line_1_13' title="bbox 146 1122 1695 1178; baseline 0.003 -17"><span class='ocrx_word' id='word_1_116' title='bbox 146 1137 227 1176; x_wconf 89' lang='lat' dir='ltr'>que</span> <span class='ocrx_word' id='word_1_117' title='bbox 256 1137 282 1162; x_wconf 75' lang='lat' dir='ltr'>a</span> <span class='ocrx_word' id='word_1_118' title='bbox 314 1129 481 1162; x_wconf 86' lang='lat' dir='ltr'>tantum</span> <span class='ocrx_word' id='word_1_119' title='bbox 502 1122 547 1162; x_wconf 87' lang='lat' dir='ltr'>in</span> <span class='ocrx_word' id='word_1_120' title='bbox 567 1123 755 1176; x_wconf 82' lang='lat' dir='ltr'>personis</span> <span class='ocrx_word' id='word_1_121' title='bbox 778 1123 886 1176; x_wconf 84' lang='lat' dir='ltr'>sing.</span> <span class='ocrx_word' id='word_1_122' title='bbox 916 1128 952 1162; x_wconf 91' lang='lat'>1.</span> <span class='ocrx_word' id='word_1_123' title='bbox 978 1129 1019 1162; x_wconf 88' lang='lat' dir='ltr'>et</span> <span class='ocrx_word' id='word_1_124' title='bbox 1042 1126 1099 1171; x_wconf 92' lang='grc'>2.,</span> <span class='ocrx_word' id='word_1_125' title='bbox 1125 1122 1236 1175; x_wconf 83' lang='lat' dir='ltr'>plur.</span> <span class='ocrx_word' id='word_1_126' title='bbox 1267 1127 1302 1162; x_wconf 90' lang='lat'>1.</span> <span class='ocrx_word' id='word_1_127' title='bbox 1329 1130 1369 1162; x_wconf 88' lang='lat' dir='ltr'>et</span> <span class='ocrx_word' id='word_1_128' title='bbox 1393 1127 1449 1173; x_wconf 86' lang='lat'>3.,</span> <span class='ocrx_word' id='word_1_129' title='bbox 1476 1123 1521 1163; x_wconf 90' lang='lat' dir='ltr'>in</span> <span class='ocrx_word' id='word_1_130' title='bbox 1543 1125 1695 1178; x_wconf 87' lang='lat' dir='ltr'>quibus</span> 
     </span>
     <span class='ocr_line' id='line_1_14' title="bbox 145 1192 1695 1247; baseline 0.003 -16"><span class='ocrx_word' id='word_1_131' title='bbox 145 1192 344 1232; x_wconf 80' lang='lat' dir='ltr'>arinorice</span> <span class='ocrx_word' id='word_1_132' title='bbox 367 1192 456 1246; x_wconf 86' lang='lat' dir='ltr'>ejus</span> <span class='ocrx_word' id='word_1_133' title='bbox 477 1193 617 1233; x_wconf 88' lang='lat' dir='ltr'>locum</span> <span class='ocrx_word' id='word_1_134' title='bbox 639 1200 815 1247; x_wconf 89' lang='lat' dir='ltr'>occupat</span> <span class='ocrx_word' id='word_1_135' title='bbox 838 1193 854 1233; x_wconf 72' lang='grc' dir='ltr'>ι’</span> <span class='ocrx_word' id='word_1_136' title='bbox 873 1192 1104 1232; x_wconf 80' lang='lat' dir='ltr'>flexionum</span> <span class='ocrx_word' id='word_1_137' title='bbox 1124 1192 1270 1241; x_wconf 85' lang='lat' dir='ltr'>futuri,</span> <span class='ocrx_word' id='word_1_138' title='bbox 1294 1193 1397 1233; x_wconf 88' lang='lat' dir='ltr'>dum</span> <span class='ocrx_word' id='word_1_139' title='bbox 1418 1209 1513 1234; x_wconf 91' lang='lat' dir='ltr'>cum</span> <span class='ocrx_word' id='word_1_140' title='bbox 1530 1195 1695 1236; x_wconf 91' lang='lat' dir='ltr'>cornica</span> 
     </span>
     <span class='ocr_line' id='line_1_15' title="bbox 148 1262 1694 1318; baseline 0.002 -16"><span class='ocrx_word' id='word_1_141' title='bbox 148 1267 186 1302; x_wconf 88' lang='lat'>3.</span> <span class='ocrx_word' id='word_1_142' title='bbox 207 1277 315 1317; x_wconf 89' lang='lat' dir='ltr'>pers.</span> <span class='ocrx_word' id='word_1_143' title='bbox 341 1262 450 1316; x_wconf 85' lang='lat' dir='ltr'>sing.</span> <span class='ocrx_word' id='word_1_144' title='bbox 477 1278 531 1312; x_wconf 85' lang='grc' dir='ltr'>-ο,</span> <span class='ocrx_word' id='word_1_145' title='bbox 555 1266 593 1303; x_wconf 90' lang='grc'>2.</span> <span class='ocrx_word' id='word_1_146' title='bbox 613 1278 722 1318; x_wconf 88' lang='lat' dir='ltr'>pers.</span> <span class='ocrx_word' id='word_1_147' title='bbox 743 1264 853 1317; x_wconf 90' lang='lat' dir='ltr'>plur.</span> <span class='ocrx_word' id='word_1_148' title='bbox 880 1263 949 1303; x_wconf 90' lang='lat' dir='ltr'>—oh</span> <span class='ocrx_word' id='word_1_149' title='bbox 971 1264 1046 1315; x_wconf 63' lang='grc' dir='ltr'>(Ξ</span> <span class='ocrx_word' id='word_1_150' title='bbox 1067 1262 1178 1316; x_wconf 65' lang='lat' dir='ltr'>-ofsh,</span> <span class='ocrx_word' id='word_1_151' title='bbox 1200 1262 1310 1314; x_wconf 76' lang='lat' dir='ltr'>-00h)</span> <span class='ocrx_word' id='word_1_152' title='bbox 1334 1265 1588 1305; x_wconf 79' lang='lat' dir='ltr'>concordant</span> <span class='ocrx_word' id='word_1_153' title='bbox 1609 1272 1694 1305; x_wconf 89' lang='lat' dir='ltr'>tam</span> 
     </span>
     <span class='ocr_line' id='line_1_16' title="bbox 145 1332 1693 1388; baseline 0.001 -14"><span class='ocrx_word' id='word_1_154' title='bbox 145 1333 374 1374; x_wconf 88' lang='lat' dir='ltr'>cambricae</span> <span class='ocrx_word' id='word_1_155' title='bbox 405 1333 721 1374; x_wconf 83' lang='lat' dir='ltr'>terminationes</span> <span class='ocrx_word' id='word_1_156' title='bbox 751 1334 796 1373; x_wconf 93' lang='lat' dir='ltr'>in</span> <span class='ocrx_word' id='word_1_157' title='bbox 826 1332 1027 1387; x_wconf 79' lang='lat' dir='ltr'>exemplis</span> <span class='ocrx_word' id='word_1_158' title='bbox 1059 1332 1297 1372; x_wconf 84' lang='lat' dir='ltr'>memoratis</span> <span class='ocrx_word' id='word_1_159' title='bbox 1328 1347 1384 1372; x_wconf 80' lang='lat' dir='ltr'>na</span> <span class='ocrx_word' id='word_1_160' title='bbox 1415 1334 1589 1388; x_wconf 58' lang='grc' dir='ltr'>ἄρχω-θέτο</span> <span class='ocrx_word' id='word_1_161' title='bbox 1622 1337 1693 1387; x_wconf 87' lang='lat' dir='ltr'>(ne</span> 
     </span>
     <span class='ocr_line' id='line_1_17' title="bbox 144 1402 1692 1458; baseline 0.001 -15"><span class='ocrx_word' id='word_1_162' title='bbox 144 1404 289 1457; x_wconf 87' lang='lat' dir='ltr'>dicat),</span> <span class='ocrx_word' id='word_1_163' title='bbox 322 1404 413 1443; x_wconf 78' lang='lat' dir='ltr'>mal</span> <span class='ocrx_word' id='word_1_164' title='bbox 443 1418 470 1458; x_wconf 75' lang='lat' dir='ltr'><em>y</em></span> <span class='ocrx_word' id='word_1_165' title='bbox 507 1403 685 1444; x_wconf 75' lang='lat' dir='ltr'>crettoch</span> <span class='ocrx_word' id='word_1_166' title='bbox 717 1405 782 1455; x_wconf 80' lang='lat' dir='ltr'>(ut</span> <span class='ocrx_word' id='word_1_167' title='bbox 813 1403 1025 1455; x_wconf 78' lang='lat' dir='ltr'>credatis),</span> <span class='ocrx_word' id='word_1_168' title='bbox 1061 1417 1188 1456; x_wconf 88' lang='lat' dir='ltr'>quam</span> <span class='ocrx_word' id='word_1_169' title='bbox 1217 1402 1440 1442; x_wconf 81' lang='lat' dir='ltr'>armoricae</span> <span class='ocrx_word' id='word_1_170' title='bbox 1468 1403 1692 1445; x_wconf 86' lang='lat' dir='ltr'>hodiernae</span> 
     </span>
     <span class='ocr_line' id='line_1_18' title="bbox 144 1471 1687 1528; baseline 0.001 -15"><span class='ocrx_word' id='word_1_171' title='bbox 144 1473 253 1527; x_wconf 85' lang='lat' dir='ltr'>sing.</span> <span class='ocrx_word' id='word_1_172' title='bbox 275 1489 330 1522; x_wconf 92' lang='lat'>-0,</span> <span class='ocrx_word' id='word_1_173' title='bbox 351 1473 461 1527; x_wconf 90' lang='lat' dir='ltr'>plur.</span> <span class='ocrx_word' id='word_1_174' title='bbox 483 1479 554 1514; x_wconf 81' lang='lat' dir='ltr'>-ot.</span> <span class='ocrx_word' id='word_1_175' title='bbox 589 1474 791 1513; x_wconf 84' lang='lat' dir='ltr'>Attamen</span> <span class='ocrx_word' id='word_1_176' title='bbox 813 1488 898 1513; x_wconf 89' lang='lat' dir='ltr'>non</span> <span class='ocrx_word' id='word_1_177' title='bbox 921 1473 1056 1512; x_wconf 87' lang='lat' dir='ltr'>solum</span> <span class='ocrx_word' id='word_1_178' title='bbox 1078 1472 1186 1525; x_wconf 88' lang='lat' dir='ltr'>sing.</span> <span class='ocrx_word' id='word_1_179' title='bbox 1208 1487 1262 1521; x_wconf 90' lang='lat'>-0,</span> <span class='ocrx_word' id='word_1_180' title='bbox 1284 1473 1355 1512; x_wconf 86' lang='lat' dir='ltr'>sed</span> <span class='ocrx_word' id='word_1_181' title='bbox 1377 1471 1503 1512; x_wconf 86' lang='lat' dir='ltr'>etiarn</span> <span class='ocrx_word' id='word_1_182' title='bbox 1521 1478 1559 1513; x_wconf 87' lang='lat'>3.</span> <span class='ocrx_word' id='word_1_183' title='bbox 1579 1487 1687 1528; x_wconf 86' lang='lat' dir='ltr'>pers.</span> 
     </span>
     <span class='ocr_line' id='line_1_19' title="bbox 142 1541 1686 1598; baseline 0.001 -15"><span class='ocrx_word' id='word_1_184' title='bbox 142 1544 253 1598; x_wconf 90' lang='lat' dir='ltr'>plur.</span> <span class='ocrx_word' id='word_1_185' title='bbox 280 1549 369 1584; x_wconf 75' lang='lat' dir='ltr'>-ont</span> <span class='ocrx_word' id='word_1_186' title='bbox 388 1544 429 1596; x_wconf 76' lang='lat' dir='ltr'>(e</span> <span class='ocrx_word' id='word_1_187' title='bbox 457 1543 599 1583; x_wconf 87' lang='lat' dir='ltr'>futuro</span> <span class='ocrx_word' id='word_1_188' title='bbox 627 1545 800 1584; x_wconf 84' lang='lat' dir='ltr'>secund.</span> <span class='ocrx_word' id='word_1_189' title='bbox 834 1542 1026 1583; x_wconf 81' lang='lat' dir='ltr'>residua?</span> <span class='ocrx_word' id='word_1_190' title='bbox 1057 1542 1155 1583; x_wconf 90' lang='lat' dir='ltr'>hod.</span> <span class='ocrx_word' id='word_1_191' title='bbox 1182 1541 1286 1594; x_wconf 44' lang='lat' dir='ltr'>Ant)</span> <span class='ocrx_word' id='word_1_192' title='bbox 1309 1542 1462 1595; x_wconf 81' lang='lat' dir='ltr'>legitur</span> <span class='ocrx_word' id='word_1_193' title='bbox 1483 1542 1527 1582; x_wconf 92' lang='lat' dir='ltr'>in</span> <span class='ocrx_word' id='word_1_194' title='bbox 1549 1544 1686 1584; x_wconf 89' lang='lat' dir='ltr'>Buh.:</span> 
     </span>
     <span class='ocr_line' id='line_1_20' title="bbox 142 1612 1690 1666; baseline 0 -12"><span class='ocrx_word' id='word_1_195' title='bbox 142 1615 217 1654; x_wconf 81' lang='lat' dir='ltr'>doe</span> <span class='ocrx_word' id='word_1_196' title='bbox 248 1628 346 1654; x_wconf 64' lang='lat' dir='ltr'>roem</span> <span class='ocrx_word' id='word_1_197' title='bbox 379 1613 434 1653; x_wconf 74' lang='lat' dir='ltr'>tir</span> <span class='ocrx_word' id='word_1_198' title='bbox 463 1629 489 1653; x_wconf 77' lang='lat' dir='ltr'>a</span> <span class='ocrx_word' id='word_1_199' title='bbox 518 1613 623 1654; x_wconf 70' lang='lat' dir='ltr'>miro</span> <span class='ocrx_word' id='word_1_200' title='bbox 646 1613 709 1655; x_wconf 71' lang='lat' dir='ltr'>dit</span> <span class='ocrx_word' id='word_1_201' title='bbox 731 1619 796 1654; x_wconf 77' lang='lat' dir='ltr'>tra</span> <span class='ocrx_word' id='word_1_202' title='bbox 817 1613 944 1654; x_wconf 80' lang='lat' dir='ltr'>hedro</span> <span class='ocrx_word' id='word_1_203' title='bbox 966 1627 1021 1653; x_wconf 72' lang='lat' dir='ltr'>mc</span> <span class='ocrx_word' id='word_1_204' title='bbox 1042 1626 1168 1652; x_wconf 71' lang='lat' dir='ltr'>noaso</span> <span class='ocrx_word' id='word_1_205' title='bbox 1190 1617 1286 1666; x_wconf 75' lang='lat' dir='ltr'>quet</span> <span class='ocrx_word' id='word_1_206' title='bbox 1306 1612 1426 1663; x_wconf 85' lang='lat' dir='ltr'>(deus</span> <span class='ocrx_word' id='word_1_207' title='bbox 1448 1626 1521 1652; x_wconf 76' lang='lat' dir='ltr'>rex</span> <span class='ocrx_word' id='word_1_208' title='bbox 1541 1614 1690 1654; x_wconf 85' lang='lat' dir='ltr'>mundi</span> 
     </span>
     <span class='ocr_line' id='line_1_21' title="bbox 141 1681 1689 1736; baseline -0.001 -12"><span class='ocrx_word' id='word_1_209' title='bbox 141 1683 365 1732; x_wconf 86' lang='lat' dir='ltr'>custodiat,</span> <span class='ocrx_word' id='word_1_210' title='bbox 390 1697 443 1722; x_wconf 89' lang='lat' dir='ltr'>ne</span> <span class='ocrx_word' id='word_1_211' title='bbox 476 1683 552 1723; x_wconf 91' lang='lat' dir='ltr'>tibi</span> <span class='ocrx_word' id='word_1_212' title='bbox 572 1684 682 1724; x_wconf 88' lang='lat' dir='ltr'>mala</span> <span class='ocrx_word' id='word_1_213' title='bbox 702 1699 765 1724; x_wconf 89' lang='lat' dir='ltr'>res</span> <span class='ocrx_word' id='word_1_214' title='bbox 786 1690 935 1724; x_wconf 85' lang='lat' dir='ltr'>noceat</span> <span class='ocrx_word' id='word_1_215' title='bbox 956 1682 1132 1736; x_wconf 89' lang='lat' dir='ltr'>aliquid)</span> <span class='ocrx_word' id='word_1_216' title='bbox 1158 1686 1196 1730; x_wconf 85' lang='lat'>6,</span> <span class='ocrx_word' id='word_1_217' title='bbox 1224 1685 1291 1721; x_wconf 86' lang='grc'>26.</span> <span class='ocrx_word' id='word_1_218' title='bbox 1324 1696 1367 1721; x_wconf 74' lang='lat' dir='ltr'>ez</span> <span class='ocrx_word' id='word_1_219' title='bbox 1389 1681 1456 1722; x_wconf 78' lang='lat' dir='ltr'>dle</span> <span class='ocrx_word' id='word_1_220' title='bbox 1476 1682 1614 1723; x_wconf 69' lang='lat' dir='ltr'>sicom·</span> <span class='ocrx_word' id='word_1_221' title='bbox 1634 1699 1689 1724; x_wconf 77' lang='lat' dir='ltr'>(m</span> 
     </span>
     <span class='ocr_line' id='line_1_22' title="bbox 131 1751 1687 1808; baseline 0 -15"><span class='ocrx_word' id='word_1_222' title='bbox 131 1768 322 1808; x_wconf 73' lang='lat' dir='ltr'>peuryen</span> <span class='ocrx_word' id='word_1_223' title='bbox 346 1753 425 1806; x_wconf 79' lang='lat' dir='ltr'>hep</span> <span class='ocrx_word' id='word_1_224' title='bbox 447 1753 646 1807; x_wconf 58' lang='lat' dir='ltr'>dozczyaff</span> <span class='ocrx_word' id='word_1_225' title='bbox 661 1760 787 1808; x_wconf 68' lang='lat' dir='ltr'>qront</span> <span class='ocrx_word' id='word_1_226' title='bbox 806 1769 852 1794; x_wconf 73' lang='lat' dir='ltr'>oz</span> <span class='ocrx_word' id='word_1_227' title='bbox 873 1769 928 1794; x_wconf 81' lang='lat' dir='ltr'>cm</span> <span class='ocrx_word' id='word_1_228' title='bbox 949 1767 995 1794; x_wconf 78' lang='lat' dir='ltr'>re</span> <span class='ocrx_word' id='word_1_229' title='bbox 1017 1752 1135 1807; x_wconf 79' lang='lat' dir='ltr'>creff&#39;</span> <span class='ocrx_word' id='word_1_230' title='bbox 1145 1766 1196 1792; x_wconf 77' lang='lat'>720</span> <span class='ocrx_word' id='word_1_231' title='bbox 1218 1751 1427 1805; x_wconf 71' lang='lat' dir='ltr'>deceffbnt</span> <span class='ocrx_word' id='word_1_232' title='bbox 1446 1766 1502 1792; x_wconf 78' lang='lat' dir='ltr'>na</span> <span class='ocrx_word' id='word_1_233' title='bbox 1522 1767 1573 1792; x_wconf 74' lang='lat'>720</span> <span class='ocrx_word' id='word_1_234' title='bbox 1583 1753 1687 1807; x_wconf 77' lang='lat' dir='ltr'>fou-</span> 
     </span>
     <span class='ocr_line' id='line_1_23' title="bbox 141 1821 1687 1878; baseline -0.001 -15"><span class='ocrx_word' id='word_1_235' title='bbox 141 1823 228 1864; x_wconf 78' lang='lat' dir='ltr'>lont</span> <span class='ocrx_word' id='word_1_236' title='bbox 249 1824 403 1876; x_wconf 85' lang='lat' dir='ltr'>(debet,</span> <span class='ocrx_word' id='word_1_237' title='bbox 424 1823 572 1877; x_wconf 85' lang='lat' dir='ltr'>judex,</span> <span class='ocrx_word' id='word_1_238' title='bbox 599 1823 747 1877; x_wconf 85' lang='lat' dir='ltr'>juvare</span> <span class='ocrx_word' id='word_1_239' title='bbox 768 1837 972 1878; x_wconf 85' lang='lat' dir='ltr'>pauperes</span> <span class='ocrx_word' id='word_1_240' title='bbox 994 1837 1079 1863; x_wconf 91' lang='lat' dir='ltr'>non</span> <span class='ocrx_word' id='word_1_241' title='bbox 1102 1821 1253 1862; x_wconf 84' lang='lat' dir='ltr'>timens</span> <span class='ocrx_word' id='word_1_242' title='bbox 1276 1821 1447 1861; x_wconf 90' lang='lat' dir='ltr'>omnino</span> <span class='ocrx_word' id='word_1_243' title='bbox 1469 1822 1608 1871; x_wconf 85' lang='lat' dir='ltr'>fortes,</span> <span class='ocrx_word' id='word_1_244' title='bbox 1634 1838 1687 1862; x_wconf 88' lang='lat' dir='ltr'>ne</span> 
     </span>
     <span class='ocr_line' id='line_1_24' title="bbox 138 1892 1149 1948; baseline -0.003 -14"><span class='ocrx_word' id='word_1_245' title='bbox 138 1907 207 1934; x_wconf 83' lang='lat' dir='ltr'>eos</span> <span class='ocrx_word' id='word_1_246' title='bbox 229 1892 441 1946; x_wconf 87' lang='lat' dir='ltr'>decipiant</span> <span class='ocrx_word' id='word_1_247' title='bbox 461 1894 527 1932; x_wconf 90' lang='lat' dir='ltr'>vel</span> <span class='ocrx_word' id='word_1_248' title='bbox 549 1908 616 1933; x_wconf 86' lang='lat' dir='ltr'>eos</span> <span class='ocrx_word' id='word_1_249' title='bbox 639 1894 894 1948; x_wconf 85' lang='lat' dir='ltr'>deprimant)</span> <span class='ocrx_word' id='word_1_250' title='bbox 921 1898 1014 1941; x_wconf 76' lang='lat'>154,</span> <span class='ocrx_word' id='word_1_251' title='bbox 1043 1896 1064 1931; x_wconf 89' lang='grc'>2</span> <span class='ocrx_word' id='word_1_252' title='bbox 1088 1907 1149 1945; x_wconf 89' lang='lat' dir='ltr'>sq.</span> 
     </span>
    </p>
   </div>
   <div class='ocr_carea' id='block_1_4' title="bbox 721 2026 1110 2080">
    <p class='ocr_par' dir='ltr' id='par_1_4' title="bbox 721 2026 1110 2080">
     <span class='ocr_line' id='line_1_25' title="bbox 721 2026 1110 2080; baseline -0.005 -14"><span class='ocrx_word' id='word_1_253' title='bbox 721 2026 1110 2080; x_wconf 87' lang='lat' dir='ltr'>Imperativus.</span> 
     </span>
    </p>
   </div>
   <div class='ocr_carea' id='block_1_5' title="bbox 133 2137 1683 2824">
    <p class='ocr_par' dir='ltr' id='par_1_5' title="bbox 135 2137 1681 2249">
     <span class='ocr_line' id='line_1_26' title="bbox 252 2137 1681 2192; baseline -0.002 -14"><span class='ocrx_word' id='word_1_254' title='bbox 252 2139 550 2192; x_wconf 86' lang='lat' dir='ltr'>Frequentiora</span> <span class='ocrx_word' id='word_1_255' title='bbox 571 2147 671 2178; x_wconf 90' lang='lat' dir='ltr'>sunt</span> <span class='ocrx_word' id='word_1_256' title='bbox 692 2138 882 2191; x_wconf 86' lang='lat' dir='ltr'>exempla</span> <span class='ocrx_word' id='word_1_257' title='bbox 905 2139 1111 2177; x_wconf 87' lang='lat' dir='ltr'>secundae</span> <span class='ocrx_word' id='word_1_258' title='bbox 1133 2145 1174 2176; x_wconf 83' lang='lat' dir='ltr'>et</span> <span class='ocrx_word' id='word_1_259' title='bbox 1199 2137 1341 2177; x_wconf 83' lang='lat' dir='ltr'>tertiae</span> <span class='ocrx_word' id='word_1_260' title='bbox 1363 2150 1585 2190; x_wconf 79' lang='lat' dir='ltr'>personae,</span> <span class='ocrx_word' id='word_1_261' title='bbox 1620 2151 1681 2175; x_wconf 88' lang='lat' dir='ltr'>ra-</span> 
     </span>
     <span class='ocr_line' id='line_1_27' title="bbox 135 2208 509 2249; baseline 0 0"><span class='ocrx_word' id='word_1_262' title='bbox 135 2208 244 2249; x_wconf 87' lang='lat' dir='ltr'>riora</span> <span class='ocrx_word' id='word_1_263' title='bbox 264 2216 509 2249; x_wconf 85' lang='lat' dir='ltr'>ceterarum.</span> 
     </span>
    </p>

    <p class='ocr_par' dir='ltr' id='par_1_6' title="bbox 135 2275 1681 2544">
     <span class='ocr_line' id='line_1_28' title="bbox 253 2275 1677 2332; baseline -0.002 -15"><span class='ocrx_word' id='word_1_264' title='bbox 253 2281 291 2318; x_wconf 89' lang='lat'>2.</span> <span class='ocrx_word' id='word_1_265' title='bbox 316 2293 426 2332; x_wconf 86' lang='lat' dir='ltr'>pers.</span> <span class='ocrx_word' id='word_1_266' title='bbox 471 2278 690 2319; x_wconf 87' lang='lat' dir='ltr'>Cambrica</span> <span class='ocrx_word' id='word_1_267' title='bbox 717 2277 863 2331; x_wconf 86' lang='lat' dir='ltr'>lingua</span> <span class='ocrx_word' id='word_1_268' title='bbox 891 2284 964 2317; x_wconf 84' lang='lat' dir='ltr'>aut</span> <span class='ocrx_word' id='word_1_269' title='bbox 993 2277 1175 2316; x_wconf 86' lang='lat' dir='ltr'>radicem</span> <span class='ocrx_word' id='word_1_270' title='bbox 1195 2275 1309 2315; x_wconf 86' lang='lat' dir='ltr'>verbi</span> <span class='ocrx_word' id='word_1_271' title='bbox 1330 2276 1488 2315; x_wconf 81' lang='lat' dir='ltr'>nudam</span> <span class='ocrx_word' id='word_1_272' title='bbox 1508 2276 1677 2329; x_wconf 84' lang='lat' dir='ltr'>profert,</span> 
     </span>
     <span class='ocr_line' id='line_1_29' title="bbox 136 2345 1680 2399; baseline -0.004 -9"><span class='ocrx_word' id='word_1_273' title='bbox 136 2356 211 2390; x_wconf 89' lang='lat' dir='ltr'>aut</span> <span class='ocrx_word' id='word_1_274' title='bbox 238 2349 400 2390; x_wconf 85' lang='lat' dir='ltr'>vocales</span> <span class='ocrx_word' id='word_1_275' title='bbox 430 2348 547 2389; x_wconf 87' lang='lat' dir='ltr'>addit</span> <span class='ocrx_word' id='word_1_276' title='bbox 577 2362 617 2397; x_wconf 83' lang='lat' dir='ltr'>a,</span> <span class='ocrx_word' id='word_1_277' title='bbox 644 2363 664 2388; x_wconf 82' lang='lat' dir='ltr'>e</span> <span class='ocrx_word' id='word_1_278' title='bbox 695 2355 736 2388; x_wconf 88' lang='lat' dir='ltr'>et</span> <span class='ocrx_word' id='word_1_279' title='bbox 764 2346 794 2386; x_wconf 64' lang='grc' dir='ltr'>τ’.</span> <span class='ocrx_word' id='word_1_280' title='bbox 840 2347 954 2386; x_wconf 88' lang='lat' dir='ltr'>Illud</span> <span class='ocrx_word' id='word_1_281' title='bbox 984 2345 1075 2385; x_wconf 87' lang='lat' dir='ltr'>fieri</span> <span class='ocrx_word' id='word_1_282' title='bbox 1104 2345 1208 2385; x_wconf 84' lang='lat' dir='ltr'>solet</span> <span class='ocrx_word' id='word_1_283' title='bbox 1237 2346 1283 2385; x_wconf 89' lang='lat' dir='ltr'>in</span> <span class='ocrx_word' id='word_1_284' title='bbox 1303 2345 1437 2385; x_wconf 88' lang='lat' dir='ltr'>verbis</span> <span class='ocrx_word' id='word_1_285' title='bbox 1458 2345 1680 2399; x_wconf 82' lang='lat' dir='ltr'>primitivis</span> 
     </span>
     <span class='ocr_line' id='line_1_30' title="bbox 135 2414 1681 2474; baseline -0.003 -14"><span class='ocrx_word' id='word_1_286' title='bbox 135 2419 409 2474; x_wconf 87' lang='lat' dir='ltr'>simplicibus,</span> <span class='ocrx_word' id='word_1_287' title='bbox 430 2419 509 2459; x_wconf 92' lang='lat' dir='ltr'>hoc</span> <span class='ocrx_word' id='word_1_288' title='bbox 531 2419 576 2458; x_wconf 90' lang='lat' dir='ltr'>in</span> <span class='ocrx_word' id='word_1_289' title='bbox 592 2416 915 2458; x_wconf 84' lang='lat' dir='ltr'>denominativis</span> <span class='ocrx_word' id='word_1_290' title='bbox 933 2423 973 2455; x_wconf 90' lang='lat' dir='ltr'>et</span> <span class='ocrx_word' id='word_1_291' title='bbox 990 2414 1199 2455; x_wconf 86' lang='lat' dir='ltr'>derivatis.</span> <span class='ocrx_word' id='word_1_292' title='bbox 1235 2415 1434 2468; x_wconf 81' lang='lat' dir='ltr'>Sequitur</span> <span class='ocrx_word' id='word_1_293' title='bbox 1451 2430 1681 2468; x_wconf 87' lang='lat' dir='ltr'>pronomen</span> 
     </span>
     <span class='ocr_line' id='line_1_31' title="bbox 136 2489 592 2544; baseline -0.004 -14"><span class='ocrx_word' id='word_1_294' title='bbox 136 2490 342 2544; x_wconf 82' lang='lat' dir='ltr'>amplians</span> <span class='ocrx_word' id='word_1_295' title='bbox 365 2489 592 2529; x_wconf 88' lang='lat' dir='ltr'>interdum.</span> 
     </span>
    </p>

    <p class='ocr_par' dir='ltr' id='par_1_7' title="bbox 133 2554 1683 2824">
     <span class='ocr_line' id='line_1_32' title="bbox 248 2554 1679 2612; baseline -0.005 -12"><span class='ocrx_word' id='word_1_296' title='bbox 248 2558 420 2600; x_wconf 84' lang='lat' dir='ltr'>Radicis</span> <span class='ocrx_word' id='word_1_297' title='bbox 441 2560 580 2599; x_wconf 88' lang='lat' dir='ltr'>nudae</span> <span class='ocrx_word' id='word_1_298' title='bbox 601 2557 895 2612; x_wconf 85' lang='lat' dir='ltr'>imperativus:</span> <span class='ocrx_word' id='word_1_299' title='bbox 923 2555 987 2596; x_wconf 79' lang='lat' dir='ltr'>tal</span> <span class='ocrx_word' id='word_1_300' title='bbox 1003 2570 1029 2610; x_wconf 71' lang='lat' dir='ltr'><strong><em>y</em></strong></span> <span class='ocrx_word' id='word_1_301' title='bbox 1049 2555 1255 2610; x_wconf 74' lang='lat' dir='ltr'>ymclidcm</span> <span class='ocrx_word' id='word_1_302' title='bbox 1277 2554 1422 2605; x_wconf 79' lang='lat' dir='ltr'>(solve,</span> <span class='ocrx_word' id='word_1_303' title='bbox 1444 2569 1566 2594; x_wconf 87' lang='lat' dir='ltr'>narra</span> <span class='ocrx_word' id='word_1_304' title='bbox 1586 2569 1679 2594; x_wconf 90' lang='lat' dir='ltr'>nar-</span> 
     </span>
     <span class='ocr_line' id='line_1_33' title="bbox 133 2625 1678 2683; baseline -0.003 -13"><span class='ocrx_word' id='word_1_305' title='bbox 133 2629 356 2682; x_wconf 87' lang='lat' dir='ltr'>rationem)</span> <span class='ocrx_word' id='word_1_306' title='bbox 379 2630 495 2670; x_wconf 84' lang='lat' dir='ltr'>Mab.</span> <span class='ocrx_word' id='word_1_307' title='bbox 527 2633 570 2678; x_wconf 93' lang='lat' dir='ltr'>l,</span> <span class='ocrx_word' id='word_1_308' title='bbox 599 2632 636 2668; x_wconf 90' lang='grc'>2.</span> <span class='ocrx_word' id='word_1_309' title='bbox 670 2628 815 2683; x_wconf 71' lang='lat' dir='ltr'>hymer</span> <span class='ocrx_word' id='word_1_310' title='bbox 844 2628 1014 2678; x_wconf 85' lang='lat' dir='ltr'>(sume),</span> <span class='ocrx_word' id='word_1_311' title='bbox 1042 2639 1128 2678; x_wconf 78' lang='lat' dir='ltr'>par</span> <span class='ocrx_word' id='word_1_312' title='bbox 1158 2625 1257 2678; x_wconf 78' lang='lat' dir='ltr'>(fac)</span> <span class='ocrx_word' id='word_1_313' title='bbox 1281 2625 1398 2664; x_wconf 81' lang='lat' dir='ltr'>Mab.</span> <span class='ocrx_word' id='word_1_314' title='bbox 1425 2627 1470 2672; x_wconf 90' lang='grc'>2,</span> <span class='ocrx_word' id='word_1_315' title='bbox 1499 2627 1564 2663; x_wconf 82' lang='lat'>25.</span> <span class='ocrx_word' id='word_1_316' title='bbox 1599 2630 1678 2665; x_wconf 78' lang='lat' dir='ltr'>taw</span> 
     </span>
     <span class='ocr_line' id='line_1_34' title="bbox 133 2693 1677 2752; baseline -0.005 -12"><span class='ocrx_word' id='word_1_317' title='bbox 133 2699 295 2740; x_wconf 79' lang='lat' dir='ltr'>bellach</span> <span class='ocrx_word' id='word_1_318' title='bbox 317 2700 425 2752; x_wconf 87' lang='lat' dir='ltr'>(tace</span> <span class='ocrx_word' id='word_1_319' title='bbox 455 2702 594 2752; x_wconf 89' lang='lat' dir='ltr'>porro)</span> <span class='ocrx_word' id='word_1_320' title='bbox 619 2699 734 2738; x_wconf 87' lang='lat' dir='ltr'>Mab.</span> <span class='ocrx_word' id='word_1_321' title='bbox 763 2701 802 2745; x_wconf 92' lang='grc'>2,</span> <span class='ocrx_word' id='word_1_322' title='bbox 830 2700 896 2736; x_wconf 86' lang='grc'>39.</span> <span class='ocrx_word' id='word_1_323' title='bbox 932 2701 1010 2736; x_wconf 72' lang='lat' dir='ltr'>law</span> <span class='ocrx_word' id='word_1_324' title='bbox 1038 2695 1113 2736; x_wconf 83' lang='lat' dir='ltr'>heb</span> <span class='ocrx_word' id='word_1_325' title='bbox 1143 2711 1170 2750; x_wconf 73' lang='lat' dir='ltr'><em>y</em></span> <span class='ocrx_word' id='word_1_326' title='bbox 1201 2693 1448 2735; x_wconf 69' lang='lat' dir='ltr'>marcham.</span> <span class='ocrx_word' id='word_1_327' title='bbox 1477 2695 1547 2734; x_wconf 73' lang='lat' dir='ltr'>clos</span> <span class='ocrx_word' id='word_1_328' title='bbox 1580 2695 1677 2734; x_wconf 79' lang='lat' dir='ltr'>dra-</span> 
     </span>
     <span class='ocr_line' id='line_1_35' title="bbox 134 2764 1683 2824; baseline -0.004 -15"><span class='ocrx_word' id='word_1_329' title='bbox 134 2769 286 2824; x_wconf 71' lang='lat' dir='ltr'>chefyn</span> <span class='ocrx_word' id='word_1_330' title='bbox 315 2784 368 2824; x_wconf 76' lang='lat' dir='ltr'>yr</span> <span class='ocrx_word' id='word_1_331' title='bbox 402 2769 496 2823; x_wconf 74' lang='lat' dir='ltr'>llys.</span> <span class='ocrx_word' id='word_1_332' title='bbox 523 2783 571 2809; x_wconf 86' lang='lat' dir='ltr'>ac</span> <span class='ocrx_word' id='word_1_333' title='bbox 601 2768 703 2809; x_wconf 80' lang='lat' dir='ltr'>arch</span> <span class='ocrx_word' id='word_1_334' title='bbox 733 2783 760 2822; x_wconf 73' lang='lat' dir='ltr'><strong><em>y</em></strong></span> <span class='ocrx_word' id='word_1_335' title='bbox 786 2766 957 2821; x_wconf 72' lang='lat' dir='ltr'>qemzyf</span> <span class='ocrx_word' id='word_1_336' title='bbox 977 2781 1003 2820; x_wconf 76' lang='lat' dir='ltr'><strong><em>y</em></strong></span> <span class='ocrx_word' id='word_1_337' title='bbox 1035 2765 1186 2806; x_wconf 65' lang='lat' dir='ltr'>arthur</span> <span class='ocrx_word' id='word_1_338' title='bbox 1212 2765 1340 2818; x_wconf 70' lang='lat' dir='ltr'>dyccot</span> <span class='ocrx_word' id='word_1_339' title='bbox 1360 2778 1409 2803; x_wconf 78' lang='lat' dir='ltr'>ae</span> <span class='ocrx_word' id='word_1_340' title='bbox 1431 2764 1484 2817; x_wconf 77' lang='lat' dir='ltr'>ef</span> <span class='ocrx_word' id='word_1_341' title='bbox 1497 2778 1546 2802; x_wconf 77' lang='lat' dir='ltr'>ae</span> <span class='ocrx_word' id='word_1_342' title='bbox 1566 2764 1683 2803; x_wconf 74' lang='lat' dir='ltr'>arall</span> 
     </span>
    </p>
   </div>
   <div class='ocr_carea' id='block_1_6' title="bbox 135 2833 1679 2939">
    <p class='ocr_par' dir='ltr' id='par_1_8' title="bbox 135 2833 1679 2939">
     <span class='ocr_line' id='line_1_36' title="bbox 135 2833 1679 2892; baseline -0.005 -14"><span class='ocrx_word' id='word_1_343' title='bbox 135 2841 258 2887; x_wconf 81' lang='lat' dir='ltr'>(tace,</span> <span class='ocrx_word' id='word_1_344' title='bbox 285 2839 423 2892; x_wconf 88' lang='lat' dir='ltr'>inquit</span> <span class='ocrx_word' id='word_1_345' title='bbox 454 2853 595 2892; x_wconf 87' lang='lat' dir='ltr'>eques,</span> <span class='ocrx_word' id='word_1_346' title='bbox 621 2838 709 2878; x_wconf 87' lang='lat' dir='ltr'>redi</span> <span class='ocrx_word' id='word_1_347' title='bbox 733 2837 777 2877; x_wconf 91' lang='lat' dir='ltr'>in</span> <span class='ocrx_word' id='word_1_348' title='bbox 799 2837 939 2877; x_wconf 86' lang='lat' dir='ltr'>aulam</span> <span class='ocrx_word' id='word_1_349' title='bbox 970 2843 1009 2874; x_wconf 82' lang='lat' dir='ltr'>et</span> <span class='ocrx_word' id='word_1_350' title='bbox 1041 2835 1191 2875; x_wconf 84' lang='lat' dir='ltr'>manda</span> <span class='ocrx_word' id='word_1_351' title='bbox 1215 2850 1238 2873; x_wconf 86' lang='lat' dir='ltr'>a</span> <span class='ocrx_word' id='word_1_352' title='bbox 1259 2847 1324 2872; x_wconf 86' lang='lat' dir='ltr'>me</span> <span class='ocrx_word' id='word_1_353' title='bbox 1346 2833 1521 2872; x_wconf 78' lang='lat' dir='ltr'>Arthuri</span> <span class='ocrx_word' id='word_1_354' title='bbox 1545 2840 1592 2872; x_wconf 86' lang='lat' dir='ltr'>ut</span> <span class='ocrx_word' id='word_1_355' title='bbox 1613 2848 1679 2872; x_wconf 84' lang='lat' dir='ltr'>ve-</span> 
     </span>
     <span class='ocr_line' id='line_1_37' title="bbox 1316 2900 1400 2939; baseline 0.012 -1"><span class='ocrx_word' id='word_1_356' title='bbox 1316 2904 1366 2939; x_wconf 86' lang='lat'>33</span> <span class='ocrx_word' id='word_1_357' title='bbox 1380 2900 1400 2921; x_wconf 44' lang='grc' dir='ltr'>ἐκ</span> 
     </span>
    </p>
   </div>
  </div>
 </body>
</html>
