1897 3072
829 100 1089 129 PRAEFATIO.
1661 88 1739 124 VII

182 206 311 260 aevi,
351 203 604 251 cambricis
638 209 687 250 et
721 202 992 254 armoricis,
1044 208 1099 248 ut
1135 202 1187 248 111
1221 201 1500 248 nominibus
1531 201 1733 249 vetustis

181 284 368 345 gallicis
401 289 450 330 et
481 282 794 337 britannicis,
836 298 880 328 e.
911 298 982 343 gr.
1014 281 1416 343 Vercingetorix,
1458 286 1724 342 vertragus,

181 364 546 416 Vernemetum,
580 361 900 423 Vertigernus
926 366 1018 407 etc.
1054 359 1132 423 (cf.
1162 377 1211 421 p.
1248 360 1358 406 151.
1398 359 1487 405 153
1516 365 1565 405 et
1591 360 1724 421 829),

179 443 314 504 cujus
351 441 619 502 particulae
652 440 922 486 intensivae
955 440 1007 485 in
1045 440 1217 501 lingua
1248 438 1503 484 hibernica
1538 439 1728 484 nullum

177 521 437 582 vestigium
462 520 583 566 mihi
609 520 806 565 obvium
832 526 921 565 est.
963 519 1112 565 Porro
1138 518 1262 564 aliae
1289 518 1529 577 quaedam
1553 534 1693 563 voces
1717 537 1723 563 :

176 617 302 647 anau
326 600 522 661 (cambr.
544 600 659 645 hod.
684 615 819 645 anam
844 614 1012 651 masc.‚
1037 596 1206 651 forma,
1232 598 1501 650 harmonia,
1529 596 1721 658 poesis),

175 695 300 738 quae
333 677 476 723 obvia
507 682 579 723 est
616 678 668 723 in
701 677 980 722 nominibus
1016 675 1355 736 frequentibus
1397 676 1611 721 virorum
1651 675 1729 721 vel

174 755 468 802 feminarum
502 755 756 801 cambricis
791 760 840 801 et
865 755 1112 800 armoricis
1152 755 1266 800 libri
1291 755 1622 801 Landavensis
1650 754 1729 800 vel

173 834 456 881 chartularii
481 834 819 880 Rhedonensis
845 833 1144 893 compositiS,
1186 839 1242 879 ut
1265 835 1519 897 Anauyen,
1562 835 1730 882 Amm-

174 915 275 966 τιθεῖ,
307 913 608 966 Anauweten,
640 913 946 965 Anauworet,
979 913 1190 964 Rz'amm,
1224 913 1469 966 Dreanau,
1502 915 1728 961 Bahman

173 999 264 1038 etc.
314 993 377 1053 (p.
416 993 525 1038 150.
562 992 698 1054 153),
754 1008 878 1051 quae
913 991 1056 1036 obvia
1090 996 1163 1036 est
1197 991 1345 1037 etiam
1384 998 1484 1038 tam
1511 993 1728 1040 derivata

172 1087 319 1130 quam
343 1071 476 1116 nuda
493 1070 612 1116 item
630 1070 683 1115 in
701 1069 980 1115 nominibus
1001 1071 1181 1115 cambr.
1203 1070 1400 1117 Anauoc
1424 1072 1537 1117 Lib.
1564 1073 1722 1117 Land.

178 1150 285 1201 156,
318 1165 491 1195 armor.
521 1149 666 1195 Αηαῑι
691 1148 853 1194 Rhed.
889 1149 930 1203 1,
964 1148 1045 1194 48.
1086 1149 1150 1194 D.
1176 1150 1303 1195 Mor.
1337 1151 1449 1204 272,
1483 1167 1607 1210 quae
1634 1168 1727 1197 vox

163 1229 270 1290 jam
301 1233 503 1289 apparet
535 1229 655 1273 item
690 1229 824 1273 nuda
856 1228 908 1273 in
938 1228 1134 1273 nomine
1160 1229 1328 1289 oppidi
1354 1230 1415 1274 ad
1440 1230 1727 1276 Danubium

163 1308 371 1353 Ἄνανον
421 1306 599 1368 (ultimi
633 1306 927 1352 Germaniae
963 1305 1090 1352 circa
1121 1307 1240 1352 fines
1275 1308 1582 1363 Pannoniae,
1639 1310 1725 1355 ubi

170 1385 273 1432 sine
300 1385 448 1430 dubio
474 1385 639 1446 gallici
664 1385 834 1445 populi
853 1386 1182 1447 consederant)
1214 1387 1346 1446 apud
1365 1388 1716 1443 Ptolemaeum,

170 1469 220 1509 et
259 1464 311 1509 in
353 1464 549 1509 nomine
591 1462 801 1509 feminae
840 1465 1104 1509 Anauonia
1143 1464 1195 1509 in
1234 1465 1550 1526 inscriptione
1592 1469 1724 1528 apud

169 1542 322 1587 Stein.
355 1543 475 1595 985,
516 1542 732 1587 derivato
761 1547 816 1588 ut
860 1542 955 1588 alia
988 1543 1186 1588 nomina
1218 1545 1414 1604 propria
1445 1545 1498 1591 in
1530 1546 1716 1600 -onius,

167 1621 280 1666 onia
302 1621 366 1681 (p.
386 1620 496 1683 736)
509 1659 518 1666 .
557 1621 807 1680 Frequens
825 1626 897 1666 est
914 1621 1060 1666 etiam
1080 1622 1372 1668 vocabulum
1392 1640 1480 1669 cun
1497 1623 1550 1669 in
1566 1624 1723 1670 nomi-

166 1699 309 1744 nibus
335 1699 620 1745 britannicis
646 1699 985 1754 Cunobilinus,
1018 1700 1334 1754 Cunotamus,
1367 1701 1713 1763 Cunomaglus,

166 1777 514 1838 Maglocunus,
564 1784 620 1823 ut
654 1778 706 1823 in
745 1778 933 1839 gallicis
972 1779 1194 1841 ’Λρκύνια
1238 1781 1319 1843 ὄρη
1367 1797 1445 1841 ap.
1487 1781 1712 1835 Aristot.‚

166 1856 417 1917 Hercynia
434 1857 569 1910 silva,
591 1857 917 1903 Hercuniates
936 1856 1160 1918 <populus
1172 1859 1469 1921 Pannoniae)
1489 1876 1567 1920 ap.
1584 1861 1712 1906 Plin.

170 1936 245 1996 (de
272 1935 448 1994 quibus
481 1935 656 1981 videsis
682 1952 731 1995 p.
766 1936 876 1982 109.
912 1936 1049 1998 121);
1094 1936 1228 1982 haud
1262 1937 1408 1983 dubie
1434 1953 1532 1984 non
1558 1939 1720 1984 differt

163 2015 346 2059 cambr.
375 2014 490 2059 hod.
522 2030 618 2060 cwn
648 2014 938 2074 (summitas,
982 2014 1205 2070 altitudo,
1236 2016 1289 2061 in
1313 2017 1589 2077 compositis
1615 2018 1713 2079 adj.

164 2092 334 2153 altus),
378 2108 439 2137 ex
464 2108 560 2151 quo
587 2108 798 2153 compos.
829 2098 877 2139 et
902 2093 1052 2139 deriv.
1083 2095 1336 2156 erchyniad
1364 2095 1626 2158 (elevatio)>
1669 2103 1718 2142 61

164 2171 315 2216 deriv.
352 2187 519 2232 61671169
571 2170 862 2232 (summitas,
906 2172 1135 2235 culmen).
1200 2173 1412 2219 Hibern.
1450 2179 1547 2220 vet.
1586 2191 1718 2221 cnocc

167 2249 249 2310 (gl.
288 2249 483 2309 gibber,
522 2249 588 2309 gl.
626 2250 779 2311 ulcus)
818 2250 901 2311 Sg.
933 2251 1028 2296 22²¹.
1072 2246 1173 2297 231&
1214 2252 1295 2297 Pr.
1335 2253 1414 2298 Cr.
1456 2254 1501 2299 9ἢ
1547 2254 1717 2298 eodem

162 2328 304 2373 modo
338 2328 399 2372 ad
434 2327 547 2372 brit.
587 2344 732 2373 emme
763 2327 1072 2374 referendum
1114 2338 1207 2383 est,
1262 2336 1318 2376 ut
1349 2331 1540 2377 hibern.
1572 2337 1708 2394 φιίῑι,

161 2406 333 2467 (ἷοφῑῖῑι
364 2404 516 2467 (facio)
556 2406 617 2450 ad
648 2408 827 2452 cambr.
866 2407 980 2453 hod.
1004 2424 1167 2468 quma,
1199 2411 1497 2469 ywneutlzm,
1538 2417 1587 2456 et
1614 2409 1714 2456 sere

162 2484 355 2529 videtur
381 2490 743 2535 transsumtum,
776 2501 887 2530 cum
904 2501 1002 2530 non
1028 2501 1088 2531 ex
1110 2486 1217 2532 aliis
1235 2487 1497 2534 hibernicis
1517 2489 1713 2534 vocibus

162 2562 359 2622 cognita
391 2562 452 2607 sit
477 2563 647 2607 eadem
671 2563 811 2608 radix
837 2568 886 2608 et
918 2569 1135 2609 servetur
1160 2581 1182 2610 6
1215 2566 1336 2611 dura
1360 2567 1542 2617 finalis,
1581 2572 1637 2611 ut
1661 2566 1713 2611 in

161 2640 314 2685 sebocc
339 2640 420 2700 (gl.
436 2641 599 2701 capus)
621 2641 703 2702 Sg.
725 2637 850 2694 105'2
876 2641 1013 2703 cujus
1033 2641 1187 2688 forma
1204 2645 1372 2689 eadem
1393 2644 1715 2704 deprehendi-

165 2726 268 2769 tur,
299 2733 398 2762 non
428 2719 587 2764 sebocla
610 2721 877 2765 secundum
904 2720 1124 2782 regulam
1140 2720 1287 2782 juxta
1310 2724 1491 2767 cambr.
1514 2728 1609 2768 vet.
1638 2723 1714 2768 he-

163 2794 277 2840 bauc
297 2794 359 2855 (p.
378 2797 508 2859 816),
538 2797 652 2843 hod.
677 2798 833 2859 hebolq.
887 2797 1146 2845 Caratacus
1171 2816 1348 2845 nomen
1374 2800 1463 2846 viri
1481 2800 1714 2861 gallicum
