1897 3072
156 120 278 156 XXII
751 131 1011 159 PRAEFATIO.

161 231 276 278 sitas
301 232 485 277 eadem.
532 248 656 292 quae
681 232 733 278 in
767 233 930 278 codice
956 233 1168 279 Mariani
1194 233 1323 280 Scoti
1361 234 1718 297 chronographi

163 311 322 356 adhuc
356 311 499 357 obvia
534 313 822 359 describitur
856 331 884 359 a
916 311 1132 358 VVaitzio
1169 329 1246 373 ap.
1288 313 1448 359 Pertz.
1491 316 1535 368 7,
1578 314 1711 377 494),

163 394 379 436 attamen
405 392 466 436 ad
490 407 629 437 voces
656 398 846 439 textum
872 392 1158 446 Paulinum,
1198 391 1283 451 qui
1308 392 1531 447 minores,
1571 409 1719 453 quam

163 475 276 514 sunt
313 469 481 515 solitae
521 471 762 531 capitum,
815 471 1149 517 distinctiones
1189 471 1361 525 habet,
1416 473 1630 518 numeris
1665 473 1719 519 in

162 548 381 610 margine
407 549 643 595 indicatas
669 556 717 596 et
742 557 826 596 aut
851 552 911 596 ab
938 567 1036 596 nna
1060 550 1231 612 majori
1256 550 1397 596 litera
1429 557 1514 597 aut
1547 569 1574 597 a
1600 553 1719 597 dua-

162 628 274 680 bus,
314 627 468 673 rarius
495 645 522 673 a
549 629 702 674 tribus
738 629 1164 691 monogrammatis
1196 630 1347 676 instar
1364 631 1719 692 junctis„inci-

162 707 351 767 pientes
378 707 428 753 in
455 708 642 762 codice,
685 724 804 768 quas
838 709 1108 771 significavi
1146 709 1271 771 typis
1305 725 1493 770 semper
1530 711 1718 757 duabus

161 785 442 847 majoribus.
507 786 687 833 Carent
719 787 903 850 glossis.
949 794 1152 850 excepto
1178 805 1275 834 11110
1301 789 1378 834 vel
1403 789 1553 836 altero
1589 789 1712 843 loco,

163 871 450 927 argumenta
492 866 659 912 brevia
693 867 908 928 epistolis
942 868 1232 929 praemissa,
1289 884 1413 928 quae
1455 869 1719 915 ostendunt

162 943 213 990 in
247 944 389 990 initio
423 951 471 990 et
496 946 593 992 fine
618 947 928 1007 praesertim,
972 964 1069 993 non
1096 964 1284 1008 semper
1307 948 1359 994 in
1384 948 1567 1002 medio,
1608 964 1719 1009 pro—

162 1024 318 1084 priam
350 1024 638 1086 scripturam
665 1025 907 1088 insignem
941 1027 1160 1088 apicibus
1195 1027 1446 1073 literarum
1486 1027 1631 1089 longe
1670 1033 1719 1074 et

163 1119 307 1149 curve
326 1105 589 1164 productiS,
621 1112 675 1151 ut
702 1106 763 1152 sit
788 1107 1054 1153 similitudo
1081 1108 1320 1166 quaedam
1346 1123 1455 1152 cum
1482 1107 1720 1168 scriptura

164 1183 515 1245 Merovingica.

300 1262 432 1309 Certi
458 1264 666 1324 aliquid,
700 1267 894 1326 quando
920 1266 1291 1328 lVirziburgum
1323 1265 1511 1312 venerit
1534 1265 1615 1311 hic
1641 1281 1719 1311 co-

163 1342 278 1395 dex,
312 1358 400 1387 nec
427 1342 702 1390 Eckhartus
728 1347 897 1392 statuit
922 1346 973 1392 in
998 1346 1118 1398 loco,
1151 1346 1236 1391 ubi
1261 1343 1416 1390 fusius
1442 1345 1632 1390 disserit
1657 1345 1717 1390 de

163 1436 219 1466 eo
264 1421 326 1481 sl,
367 1422 510 1484 45:222:
571 1424 786 1470 “Sancte
824 1431 1041 1470 servatur
1071 1424 1123 1469 in
1159 1424 1389 1470 ecclesiae
1429 1423 1718 1470 cathedralis

163 1500 388 1546 thesauro
416 1518 547 1547 sacro
573 1502 697 1549 liber
722 1504 1100 1565 evangeliorum,
1143 1519 1238 1563 quo
1266 1504 1313 1549 S.
1346 1503 1577 1549 Kilianus
1602 1519 1718 1549 usus

162 1595 262 1624 esse
289 1579 488 1633 dicitur,
534 1583 837 1628 venerandus
863 1599 976 1629 sane
1002 1584 1062 1629 ob
1089 1599 1327 1628 summam
1353 1582 1712 1643 antiquitatem.

164 1658 367 1705 Saeculo
393 1660 524 1706 enim
550 1662 754 1722 septimo
779 1662 932 1708 literis
958 1662 1205 1721 quadratis
1231 1662 1436 1723 scriptus
1462 1669 1557 1716 est,
1589 1662 1719 1707 Pan-

161 1738 312 1784 dectis
348 1739 642 1786 Florentinis
678 1747 835 1787 aetate
870 1757 980 1802 par,
1022 1741 1061 1786 si
1098 1758 1195 1787 non
1229 1741 1534 1802 superior...
1579 1739 1717 1787 Libri

161 1893 224 1926 sed
242 1899 277 1927 et
289 1894 430 1939 saepius
449 1895 626 1940 superflue
644 1897 765 1931 adest:
783 1897 1000 1931 abhominati
1010 1897 1092 1931 Wb.
1105 1897 1178 1931 31¹³.
1208 1898 1349 1940 honera,
1365 1897 1604 1931 habundantia
1616 1897 1714 1932 Cam.

162 1950 291 1992 honus,
321 1951 468 1985 hostiam
489 1952 572 1986 W'b.
602 1956 672 1987 20⁶.
694 1956 764 1987 270.
799 1954 1013 1988 honessz'mus
1032 1956 1086 1987 24.
1126 1967 1231 1999 usque
1256 1956 1303 1988 ad
1317 1955 1492 1989 hilz'riezcm
1515 1955 1644 2000 (Illyr.)
1666 1958 1715 1989 6⁰.

161 2007 363 2042 habundare
380 2009 429 2054 sq.
454 2009 591 2055 (contra
607 2011 752 2052 abunde,
774 2011 952 2045 abundare
973 2012 1042 2045 13¹2.
1064 2014 1133 2045 25³.
1154 2012 1242 2058 31⁴¹).
1278 2013 1367 2047 Inde
1386 2012 1531 2057 scriptio
1550 2018 1718 2046 constans

162 2064 216 2097 his
229 2065 300 2109 qui,
322 2066 451 2100 hisdem
473 2067 614 2112 uestz‘yz's
631 2080 694 2113 pro
713 2068 755 2101 iis
773 2068 843 2113 qai,
866 2068 997 2103 iisdem.
1039 2069 1327 2114 Praepositiones
1344 2069 1399 2110 ad,
1421 2081 1494 2110 con,
1516 2068 1551 2102 in
1568 2069 1604 2102 in
1624 2081 1717 2102 com-

162 2121 340 2165 positione
358 2135 436 2156 raro
455 2125 688 2170 sequentibus
707 2126 872 2160 consonis
891 2125 1104 2159 assimilatae
1122 2126 1366 2161 inveniuntur.
1408 2126 1507 2170 Sigla
1523 2138 1540 2159 ο
1558 2137 1622 2170 pro
1640 2138 1717 2159 con—

164 2178 233 2222 (vcl
252 2191 352 2221 emm,
373 2192 425 2213 co-
438 2182 467 2226 1²)
483 2208 489 2223 ,
526 2182 746 2227 frequentior
763 2183 799 2216 in
818 2183 947 2228 glossis
973 2183 1177 2224 hibernicis,
1208 2183 1319 2217 rarior
1336 2188 1390 2217 est
1408 2183 1443 2216 in
1462 2188 1564 2216 textu
1582 2182 1714 2216 latino:

161 2235 314 2269 ntemzilz's
336 2237 589 2285 (contumeliis)
608 2240 691 2274 Wb.
706 2244 777 2274 200.
804 2241 903 2274 Inter
920 2240 1116 2285 scripturae
1135 2240 1345 2285 compendia
1363 2252 1467 2285 porro
1479 2253 1507 2285 p
1525 2252 1605 2274 cum
1624 2240 1718 2273 linea

161 2292 378 2337 supraducta
396 2300 449 2328 cst
466 2307 530 2340 pro
542 2309 642 2340 prae,
660 2310 745 2341 pre:
780 2298 1033 2343 p.diea1wr1'm‚
1057 2310 1178 2342 psens
1197 2297 1281 2331 Wb.
1308 2300 1374 2330 13³.
1400 2300 1465 2330 171⁴.
1493 2297 1718 2341 z'nterp.tetnr

167 2351 222 2382 120
234 2365 241 2391 3
263 2349 402 2384 hibern.
417 2357 548 2397 μσφί,
562 2354 722 2397 par-him.
740 2354 789 2399 fq.
811 2366 948 2399 semper
966 2355 1104 2388 reddidi
1124 2358 1278 2399 precept,
1292 2354 1486 2398 predehe'm.
1528 2353 1597 2386 Pro
1616 2364 1638 2385 u
1657 2364 1717 2386 vo-

164 2406 230 2440 cali
251 2407 382 2441 lineola
400 2409 659 2444 semicirculata
677 2411 906 2456 superaddita
932 2424 1039 2457 supra
1065 2423 1256 2445 consonam
1274 2411 1330 2444 vel
1348 2411 1454 2444 etiam
1474 2409 1630 2443 vocalem
1649 2409 1715 2443 fre-

162 2469 313 2508 quenter
331 2464 435 2498 obvia
453 2471 505 2499 est
523 2466 558 2500 in
577 2473 679 2501 textu
698 2468 809 2501 latino
828 2468 960 2502 codicis
980 2468 1063 2502 Wb.
1105 2468 1148 2502 In
1176 2468 1300 2502 eodem
1327 2473 1500 2513 punctum
1525 2478 1637 2500 unum
1655 2472 1718 2500 aut

163 2520 234 2554 duo
253 2521 346 2555 inter
372 2534 476 2556 voces
494 2523 530 2557 in
548 2524 665 2558 media
682 2525 873 2559 altitudine
890 2525 1073 2558 literarum
1092 2530 1177 2558 sunt
1194 2525 1272 2558 1000
1290 2525 1404 2558 nostri
1424 2525 1620 2565 commatis,
1643 2524 1714 2558 duo

162 2583 295 2622 puncta
313 2578 492 2613 interdum
510 2580 588 2614 loco
607 2582 731 2626 puncti
757 2581 869 2615 nostri
888 2581 923 2614 in
942 2581 1059 2615 medio
1077 2593 1251 2615 sermone.
1296 2582 1394 2615 Finis
1412 2581 1555 2627 majoris
1574 2587 1715 2615 senten-

162 2634 232 2668 tiae
250 2635 305 2669 vel
324 2636 449 2681 capitis
476 2649 548 2670 uno
574 2644 708 2683 puncto
728 2650 806 2672 cum
825 2639 919 2672 linea
936 2649 1043 2671 curva
1068 2638 1175 2672 simili
1193 2644 1316 2672 nostro
1335 2638 1502 2673 commati
1519 2638 1712 2679 interdum,

162 2692 303 2736 saepius
321 2693 462 2727 duobus
480 2695 622 2739 punctis
649 2707 729 2729 cum
748 2695 870 2729 eadem
897 2694 990 2728 linea
1012 2694 1058 2739 (.‚
1080 2695 1135 2728 vel
1155 2721 1162 2728 .
1178 2722 1185 2728 .
1201 2696 1240 2741 ,),
1271 2696 1326 2730 vel
1353 2695 1494 2729 duobus
1521 2695 1576 2728 his
1603 2695 1715 2740 signis

157 2748 294 2793 junctis
312 2750 368 2783 vel
386 2751 491 2784 etiam
510 2752 673 2797 pluribus
692 2752 846 2797 punctis,
868 2752 1101 2797 significatur.
1144 2752 1186 2785 In
1213 2752 1291 2786 aliis
1320 2753 1503 2786 codicibus
1522 2751 1627 2785 etiam
1645 2752 1715 2786 alia

162 2806 378 2840 consociatio
406 2807 606 2851 invenitur,
644 2816 685 2843 ut
712 2824 742 2844 :a
770 2809 914 2855 signum
937 2815 1000 2842 aut
1016 2809 1124 2842 semel
1142 2809 1178 2842 in
1196 2809 1264 2843 fine
1282 2809 1451 2854 positum,
1478 2815 1541 2843 aut
1558 2809 1711 2854 saepius,

161 2875 190 2896 e.
211 2875 264 2908 gr.
286 2868 350 2904 ter,
372 2862 502 2899 additis
521 2866 666 2911 insuper
685 2867 798 2901 tribus
817 2866 959 2912 punctis
981 2880 1004 2900 :-
1039 2866 1146 2899 nudis
1164 2866 1219 2900 vel
1238 2878 1317 2901 cuin
1335 2866 1429 2900 linea
1447 2878 1565 2900 curva.
