1897 3072
788 154 1046 181 PRAEFATIO.
1523 145 1704 181 XXXIII

148 257 219 319 (ut
244 257 296 302 in
321 256 477 318 prima
503 258 682 319 pagina
708 258 962 317 utriusque
989 256 1165 302 codicis
1192 257 1360 302 asserit
1385 263 1576 303 vetusta
1601 273 1702 302 ma-

145 337 271 397 nus),
298 336 451 382 multo
471 336 710 397 parciores
731 337 932 383 exhibet
952 336 1131 398 glossas
1159 337 1219 381 ad
1245 343 1434 382 textum
1460 353 1701 398 gramma-

145 416 229 462 tici
255 422 303 462 et
327 415 378 462 in
404 422 540 476 parte
568 422 758 462 tantum
793 416 969 461 codicis
996 417 1055 460 ab
1082 415 1222 461 initio
1258 432 1411 476 usque
1438 417 1498 462 ad
1526 417 1627 471 (342
1675 432 1702 461 a

148 493 228 541 (34¹¹
255 511 408 555 usque
435 496 495 541 ad
528 496 618 541 103
646 495 782 541 nulla
808 494 1183 556 ampliusobria
1207 502 1295 541 est.
1356 496 1416 541 In
1442 501 1578 556 parte
1603 511 1702 540 una

145 573 411 636 glossarum
438 575 663 637 congruit
700 592 810 620 cum
837 574 1083 619 Prisciano
1112 573 1278 620 Sancti
1311 575 1468 627 Galli„
1512 581 1567 620 ut
1591 591 1701 635 pos-

145 654 207 700 sit
232 655 383 701 videri
418 655 650 699 oriundus
688 655 747 699 ab
787 670 842 698 eo
878 660 925 699 et
959 669 1059 699 esse
1094 653 1372 700 recentioris
1406 654 1600 707 aetatis,
1648 653 1699 699 in

144 739 279 794 parte
306 733 458 778 altera
484 738 647 779 tamen
673 733 842 778 est-sui
871 733 1023 792 ipsius
1048 732 1236 777 arbitrii
1262 738 1310 778 et
1335 733 1474 779 offert
1499 734 1700 778 adnota—

144 810 314 865 tiones,
347 827 466 871 quas
492 811 646 857 nescit
671 813 823 857 codex
851 811 1016 857 Sancti
1041 811 1191 857 Galli.

281 891 327 937 (3.
369 890 536 937 Codex
563 891 730 937 Sancti
755 891 889 936 Galli
914 908 963 937 n.
1002 892 1144 944 1395,
1177 890 1431 937 continens
1455 890 1700 953 fragmen-

145 977 302 1017 torum
335 988 360 1017 e
394 970 640 1016 codic-ibus
666 970 867 1016 vetustis
907 970 1240 1016 collectionem
1278 969 1454 1017 factam
1482 972 1542 1017 ab
1570 970 1701 1016 Ilde—

142 1048 279 1095 fonso
305 1051 365 1095 ab
385 1051 492 1095 Arx
517 1049 842 1096 bibliothecae
868 1049 1125 1110 praefecto,
1158 1050 1209 1095 in
1236 1050 1353 1095 tomi
1380 1049 1434 1094 II
1458 1049 1574 1095 folio
1602 1050 1697 1095 410

143 1128 283 1175 offert
306 1129 695 1175 incantationum
720 1129 950 1176 formulas
981 1129 1272 1182 hibernicas,
1313 1145 1437 1189 quae
1463 1130 1514 1175 in
1541 1129 1699 1190 capite

143 1209 202 1254 de
236 1209 593 1255 constructione
632 1210 823 1270 poetica
860 1210 985 1272 typis
1019 1225 1273 1271 expressae
1306 1215 1420 1254 sunt
1456 1209 1518 1270 “p.
1559 1211 1691 1271 9263

142 1286 442 1349 significatae
467 1288 519 1334 in
543 1289 635 1334 hoc
661 1305 804 1350 opere
832 1290 1022 1335 Incant.
1055 1289 1138 1351 Sg

281 1367 328 1411 7.
369 1367 535 1413 Codex
568 1368 776 1414 civitatis
809 1367 1169 1414 Camaracensis
1202 1368 1459 1415 distinctus
1496 1386 1544 1414 n.
1579 1369 1691 1421 (519,

143 1445 223 1491 cui
247 1445 415 1492 insunt
440 1446 661 1492 Canones
686 1447 926 1493 hibernici
952 1447 1145 1493 concilii
1171 1463 1215 1492 a.
1252 1448 1364 1500 (384,
1396 1448 1448 1493 in
1474 1464 1572 1493 uno
1598 1448 1698 1494 solo

140 1524 245 1571 loco
269 1525 322 1570 in
347 1525 507 1571 medio
531 1526 654 1572 libro
681 1532 838 1573 servat
872 1527 1103 1572 sermonis
1135 1526 1376 1572 hibernici
1402 1527 1461 1572 de
1487 1528 1699 1589 abnega-

142 1604 273 1650 tione
306 1603 634 1666 fragmentum
667 1606 1006 1652 intermixtum
1048 1606 1300 1652 sententiis
1335 1606 1517 1653 latinis.
1571 1605 1697 1652 Con-

141 1689 236 1729 stat
261 1685 320 1730 de
346 1691 503 1730 aetate
529 1685 730 1739 codicis;
770 1685 880 1730 finit
905 1685 1036 1730 enim
1061 1685 1136 1731 his
1161 1685 1345 1730 verbis:
1382 1686 1496 1746 “qui
1528 1686 1698 1731 dicunt

140 1762 262 1808 mihi
303 1778 427 1825 euge
464 1780 603 1825 euge.
680 1763 828 1824 Expl.
867 1764 991 1810 liber
1025 1780 1267 1810 canonum
1304 1780 1450 1825 quem
1493 1766 1698 1810 domnus

140 1842 398 1888 Albericus
434 1843 687 1904 episcopus
711 1843 845 1889 urbis
871 1843 1283 1889 (ffflnaracinsium
1318 1851 1366 1890 et
1397 1845 1697 1890 Adrabatin—

140 1921 265 1967 sium
290 1922 396 1968 fieri
420 1922 608 1983 rogavit
624 1923 729 1968 Deo
755 1923 935 1984 gratias
950 1924 1156 1969 Amen.''
1197 1922 1418 1969 Praefuit
1443 1924 1696 1984 episcopus

140 2000 398 2047 Albericus
425 2003 485 2047 ab
517 2018 561 2047 a.
593 2002 689 2048 763
716 2018 870 2062 usque
896 2003 957 2047 ad
983 2018 1026 2048 a.
1049 2003 1143 2048 790
1166 2002 1371 2049 circiter.
1415 2004 1572 2049 Locus
1591 2003 1695 2064 jam

140 2079 267 2141 t3pis
308 2080 568 2141 impressus
611 2087 683 2127 est
724 2083 855 2142 apud
889 2081 1152 2135 Pertzium‚
1195 2082 1247 2128 in
1284 2082 1441 2143 operis
1476 2081 1697 2142 inscripti

138 2158 353 2204 “Archiv
394 2161 441 2205 d.
481 2160 750 2206 Gesellsch.
797 2159 876 2206 stu·
916 2160 1065 2207 altere
1108 2162 1340 2207 deutsche
1383 2161 1696 2207 Geschichts—

139 2236 335 2283 kunde”
366 2244 399 2284 t.
433 2239 496 2292 8.
518 2256 567 2300 p.
599 2240 714 2285 432.
746 2239 860 2292 433,
894 2240 979 2286 ubi
1012 2246 1175 2286 tamen
1201 2240 1562 2294 Bethmannus,
1609 2241 1695 2300 qui

141 2317 329 2364 codices
355 2317 726 2364 Camaracenses
754 2335 797 2363 a.
836 2319 956 2364 1841
987 2318 1225 2372 lustravit,
1268 2319 1555 2380 scripturam
1590 2321 1694 2382 ejus

140 2396 317 2442 codicis
342 2396 480 2442 malit
505 2404 676 2458 putare
698 2414 798 2443 esse
819 2397 1000 2443 saeculi
1021 2398 1154 2444 noni.
1198 2398 1314 2444 Post
1335 2415 1447 2444 eum
1468 2400 1693 2445 O'Dono-

139 2491 293 2521 Vanus
314 2475 548 2535 (Gramm.
575 2478 766 2523 hibern.
792 2478 978 2523 Introd.
996 2478 1146 2539 LIII)
1175 2480 1443 2524 secundum
1462 2479 1693 2524 imitatio-

141 2570 251 2599 nem
271 2554 570 2615 publicatam
590 2573 617 2602 a
636 2556 691 2602 C.
709 2557 765 2602 P.
786 2556 987 2617 Cooper,
1011 2557 1264 2603 secretario
1286 2558 1526 2604 societatis
1547 2558 1692 2602 eden-

139 2633 212 2678 dis
251 2633 470 2695 anglicae
503 2635 731 2681 historiae
757 2636 1098 2689 monumentis,
1140 2652 1287 2696 quam
1322 2653 1411 2698 ego
1444 2653 1542 2682 non
1570 2635 1684 2689 ridi,

147 2712 360 2758 codicem
384 2713 501 2759 item
528 2715 718 2760 saeculo
747 2721 915 2761 octavo
940 2715 1171 2761 vindicat.
1238 2717 1298 2761 In
1323 2716 1547 2761 manibus
1573 2715 1691 2760 meis

139 2796 211 2836 est
235 2791 442 2838 imitatio
467 2792 519 2838 in
545 2794 711 2840 charta
735 2794 1002 2855 pellucida‚
1047 2810 1194 2854 quam
1220 2796 1371 2840 debeo
1398 2794 1589 2846 Monio,
1622 2795 1686 2840 V.

139 2868 234 2918 (“1.,
275 2870 353 2915 cui
380 2873 582 2917 eandem
616 2873 794 2920 obtulit
821 2872 1152 2932 XVarnktmig.
1208 2873 1413 2919 Lovanii
1448 2875 1693 2932 quondam

1328 2949 1419 2959 tre
