1897 3072
292 121 328 159 Ι.
357 123 395 158 2.
441 132 663 159 coxsoxAE
688 132 985 159 BRITANNH'AE
1009 133 1286 159 iixcfloAxsEs
1309 133 1565 159 ASPIRATAE.
1659 122 1739 160 209

193 248 256 274 res
279 239 342 273 est
361 239 455 286 post
476 231 705 285 particulae
723 245 869 285 moer„
893 245 987 285 yor-
1011 231 1127 285 (gall.
1151 238 1306 271 vetust.
1332 233 1437 285 Ἰδεμ)
1460 231 1679 272 finientem
1701 247 1737 282 r,

193 317 298 358 quae
329 303 498 356 quidem
530 309 750 356 sequentes
782 309 928 341 tenues
959 301 1061 342 item
1096 301 1252 356 aspirat
1290 303 1524 342 secundum
1553 303 1741 356 regulam

193 376 253 428 (p.
283 376 395 426 171),
422 372 579 412 medias
609 379 749 412 autem
781 379 821 411 et
850 385 887 411 m
919 372 1063 412 eodem
1093 373 1216 412 modo
1248 378 1412 421 tractat,
1438 379 1487 411 ut
1509 379 1742 412 tractantur

192 444 237 483 in
258 443 395 483 medio
424 443 489 483 vel
521 444 603 482 fine
626 442 670 482 in
691 442 898 495 positione
920 456 1017 481 cum
1037 456 1060 481 φ’
1081 457 1210 495 aeque
1231 450 1280 482 ut
1302 442 1510 496 simplices
1532 450 1649 483 extra
1669 458 1741 497 po-

192 513 387 553 sitionem
406 515 466 567 (p.
487 518 579 553 134.
600 517 675 552 159
696 515 795 566 sq.),
817 512 1007 552 destituit
1025 511 1197 553 scilicet.
1234 513 1440 567 Exempla
1456 513 1741 554 destitutionis

191 583 300 624 infra
321 585 397 623 sub
420 584 468 624 C.

307 653 530 694 Cornice
560 662 653 708 post
683 653 808 702 kem-,
834 653 950 707 hym·
974 654 1107 706 (c0n—)
1131 661 1318 695 servatur
1341 655 1510 708 quidem
1531 670 1570 695 m
1593 670 1742 696 vocum

192 724 390 778 lcemmys,
417 724 607 778 kymmys
631 725 830 775 (stantum,
857 723 1002 762 eadem
1022 724 1287 777 magnitudo)
1312 726 1361 764 P.
1390 730 1428 773 9,
1454 731 1492 765 4.
1519 731 1584 775 16,
1609 731 1646 766 3.
1671 731 1737 775 24,

196 798 241 843 2,
275 793 503 841 hemma-is,
540 793 748 846 kemyskr's
779 794 852 845 (=
883 792 1070 842 hem-m„
1107 794 1366 846 commixtio)
1402 799 1475 843 58,
1507 800 1546 835 4.
1575 800 1670 845 202,
1699 801 1737 845 2,

192 865 264 904 sed
284 878 370 903 non
393 863 415 903 l>
438 863 482 902 in
505 863 692 903 kemeras
715 864 920 915 (sumere,
947 877 1096 903 armor.
1123 870 1332 917 quemeret
1352 865 1465 904 Buh.
1491 869 1555 915 18,
1580 871 1618 906 5.
1645 871 1738 916 188,

195 939 232 983 3,
260 935 414 974 cambr.
440 933 539 973 hod.
566 934 781 988 cymerycl)
804 934 923 972 Pass.
952 937 1018 982 61,
1046 938 1085 982 4,
1112 934 1146 973 si
1168 942 1230 973 est
1251 949 1326 987 pro
1348 935 1546 975 hem-ber.

304 1004 583 1044 Armorice
620 1002 718 1056 quia
758 1002 898 1042 minus
930 1003 1148 1043 infectioni
1178 1005 1313 1044 nasali
1341 1004 1586 1059 indulgetur
1617 1020 1743 1059 quam

192 1075 395 1116 cambrice
427 1076 487 1128 (p.
519 1075 639 1126 187),
669 1082 857 1113 servatur
888 1080 1021 1114 status
1054 1074 1303 1128 originarius
1332 1075 1465 1128 magis
1495 1076 1620 1116 etiam
1648 1084 1744 1130 post

190 1145 337 1199 partic.
363 1145 473 1184 hem·
496 1146 652 1197 (con->z
679 1143 908 1183 kemmeslvz'
928 1143 1152 1197 (miscere),
1174 1145 1341 1185 kember
1363 1145 1618 1198 (confluxus,
1644 1161 1741 1197 con-

191 1216 369 1255 fluentes
391 1214 525 1263 fluvii,
550 1214 704 1254 cambr.
731 1228 883 1267 cymer,
910 1229 1025 1267 aper,
1050 1229 1092 1268 p.
1121 1217 1234 1268 169).
1281 1216 1417 1255 Immo
1439 1223 1584 1256 contra
1605 1217 1742 1257 media

191 1286 234 1324 in
257 1286 333 1324 hac
355 1284 562 1337 positione
583 1283 827 1337 provehitur
847 1283 892 1324 in
911 1292 1082 1324 tenuem
1097 1284 1187 1338 jam
1203 1285 1248 1325 in
1265 1286 1441 1325 vetustis
1459 1286 1738 1335 chartulariis,

192 1370 226 1395 e.
261 1370 323 1409 gr.
356 1355 400 1394 in
431 1353 817 1408 Kemperlegiensi:
852 1354 1011 1394 factum
1043 1362 1105 1394 est
1138 1355 1217 1395 hoc
1255 1355 1300 1395 in
1330 1356 1499 1410 publico
1531 1365 1738 1397 conventu

191 1426 304 1479 apud
324 1425 574 1477 Isemperele
604 1423 649 1463 in
681 1430 848 1463 sanctae
878 1424 1010 1464 crucis
1038 1425 1292 1465 monasterio
1321 1425 1430 1465 inter
1461 1427 1543 1466 duo
1565 1427 1738 1468 flumina

192 1495 388 1548 Elegium
411 1510 457 1535 ac
489 1495 583 1534 Idol
604 1494 885 1547 (Kemperele,
922 1494 1019 1534 hod.
1052 1495 1306 1548 Quimpe‘rle,
1331 1517 1387 1529 ==
1408 1496 1562 1536 ostium
1584 1498 1739 1551 Elegii)

191 1566 322 1605 chart.
358 1580 395 1605 a.
426 1570 557 1613 1069,
592 1579 659 1618 ap.
695 1565 804 1604 Mor.
831 1567 926 1603 432.
971 1565 1025 1604 In
1055 1565 1194 1605 Rhed.
1226 1571 1268 1615 1,
1299 1570 1363 1605 14.
1391 1570 1439 1615 2,
1467 1570 1540 1606 28:
1582 1575 1741 1620 compoti

190 1636 480 1676 Roienhoiccrn
499 1635 569 1687 (cf.
590 1634 691 1674 ibid.
713 1634 1014 1683 Botlou-emoe,
1036 1635 1251 1677 Botcuaeh
1272 1641 1308 1686 1,
1332 1641 1370 1676 6.
1396 1641 1468 1685 153
1493 1657 1550 1670 =
1566 1639 1735 1686 combot,

189 1707 343 1746 cambr.
370 1711 519 1761 cymwt
537 1726 594 1738 =
614 1705 805 1758 cymbwt)
827 1704 959 1744 chart.
985 1720 1023 1745 a.
1051 1710 1146 1746 826.

303 1776 400 1816 Alia
435 1775 664 1830 composita
700 1774 904 1827 ejusmodi
939 1775 1165 1816 hodiernae
1200 1777 1394 1831 linguae,
1434 1778 1656 1832 fungentia
1692 1787 1739 1819 ut

187 1847 536 1901 praepositiones:
563 1846 649 1886 etal
667 1846 821 1898 <apud3
846 1860 921 1899 pro
944 1846 1108 1899 ‹en-tal),
1133 1847 1301 1888 rab-tal
1319 1850 1509 1901 (coram).

300 1919 352 1957 B.
398 1915 760 1971 Aspiratione
791 1915 1039 1957 inficiuntur
1069 1932 1275 1958 consonae
1306 1918 1566 1959 britannicae
1593 1919 1737 1960 incho-

188 1995 305 2029 antes
338 1988 565 2028 secundam
594 2000 737 2026 vocem
759 1986 803 2026 in
826 1987 1136 2028 constructione
1156 1988 1225 2029 vel
1246 1989 1547 2043 compositione
1569 1991 1646 2030 sub
1668 1990 1737 2031 iis-

187 2059 281 2098 dem
298 2058 452 2112 regulis
470 2064 595 2110 atque
611 2056 656 2097 in
672 2057 809 2097 medio
827 2064 868 2097 et
883 2058 968 2097 fine
984 2072 1135 2098 vocum
1151 2060 1200 2099 fit
1216 2059 1427 2112 aspiratiO,
1448 2059 1605 2100 seilicet
1622 2060 1656 2100 si
1673 2061 1736 2100 in-

188 2136 300 2168 trant
328 2128 373 2167 in
402 2128 651 2181 positionem
682 2142 779 2167 cum
800 2127 1123 2169 terminantibus
1144 2143 1264 2169 voces
1286 2130 1594 2183 praecedentes,
1619 2145 1735 2184 prae-

188 2198 309 2251 cipue
330 2198 571 2251 particulas,
597 2197 790 2237 consonis
813 2197 1078 2250 quibusdam,
1104 2214 1210 2252 quae
1231 2199 1316 2239 sive
1337 2206 1525 2248 manent,
1551 2214 1586 2239 e.
1607 2214 1670 2253 gr.
1695 2215 1732 2249 r,

187 2268 272 2308 sive
294 2268 420 2308 etiam
442 2274 698 2308 evanescunt
718 2267 762 2306 in
784 2281 831 2307 ea
852 2267 1058 2320 positione
1080 2269 1315 2323 aspiranda,
1341 2284 1377 2309 e.
1402 2283 1465 2323 gr.
1492 2285 1526 2319 c,
1554 2275 1582 2320 t,
1606 2285 1641 2320 s,
1667 2271 1731 2312 oh.

187 2340 406 2379 Consonae
437 2345 579 2378 autem
609 2337 854 2377 inchoantes
884 2338 1127 2392 aspirationi
1155 2339 1359 2380 obnoxiae
1382 2347 1482 2380 sunt
1502 2347 1648 2381 tenues
1671 2355 1734 2381 so-

186 2409 414 2457 lummodo,
430 2417 478 2448 ut
495 2408 539 2448 in
556 2407 692 2448 medio
710 2408 775 2447 vel
791 2409 874 2447 fine
888 2409 948 2461 (p.
966 2413 1038 2447 171
1056 2411 1154 2462 sq.).
1188 2410 1431 2451 Ceterarum
1449 2425 1485 2450 e.
1500 2425 1562 2464 gr.
1578 2411 1733 2451 media-

185 2494 280 2520 rum
309 2487 350 2520 et
371 2494 410 2520 m
433 2478 670 2533 expertium
691 2477 972 2531 aspirationis,
998 2494 1104 2533 quae
1123 2488 1219 2534 post
1240 2482 1468 2521 earundem
1488 2495 1638 2521 vocum
1659 2481 1731 2520 ali-

186 2564 289 2603 quas
310 2557 484 2589 manent
505 2549 767 2602 originariae,
792 2549 859 2589 vel
880 2563 986 2602 quae
1010 2550 1314 2600 destituuntur,
1339 2565 1375 2590 e.
1400 2565 1462 2604 gr.
1487 2558 1582 2603 post
1604 2565 1640 2599 r,
1667 2551 1732 2590 vel

186 2619 313 2659 etiam
342 2620 465 2659 modo
492 2619 780 2659 destituuntur
800 2621 923 2660 modo
945 2628 1119 2661 manent
1140 2621 1401 2675 originariae,
1427 2621 1618 2673 exempla
1641 2620 1731 2674 jam

185 2691 283 2728 data
312 2696 411 2728 sunt
441 2689 507 2728 vel
535 2689 643 2729 infra
672 2689 936 2743 proferentur
967 2691 1038 2743 (A.
1064 2692 1101 2731 I.
1130 2696 1167 2731 7.
1191 2691 1245 2731 A.
1272 2692 1333 2731 ΙΙ.
1362 2695 1399 2731 1.
1429 2695 1466 2730 2.
1502 2690 1550 2730 C.
1576 2691 1612 2730 I.
1642 2693 1726 2743 11).

184 2759 370 2798 Voculae
392 2758 623 2812 aspirantes
646 2766 792 2800 tenues
815 2768 1036 2813 sequentes
1059 2768 1160 2800 sunt
1181 2760 1273 2801 hae.

298 2827 334 2866 I.
382 2828 433 2868 In
455 2828 776 2869 constructione.
817 2834 852 2869 1.
887 2830 1132 2871 Numeralia
1155 2831 1227 2870 III
1249 2838 1288 2870 et
1310 2830 1388 2870 VI.
1425 2830 1725 2870 Cambrice:

250 2901 333 2926 voL.
355 2893 384 2926 I.
1404 2900 1450 2934 14
