1897 3072
547 172 608 212 II.
636 175 674 211 2.
738 186 961 213 GRAnArio
986 186 1267 213 BRITANNICA.
1602 174 1682 213 305

139 284 334 324 cultellus
346 301 356 332 3
391 285 544 324 cambr.
579 284 677 325 hod.
713 285 886 340 eythell,
921 293 1100 338 artuus),
1124 285 1304 338 porchel
1330 285 1405 339 (gl.
1441 285 1680 339 porcellus),

141 355 250 408 Zoqel
263 355 337 408 (gl.
358 355 540 407 loculus)
558 356 714 396 Voeab.
735 370 884 396 armor.
898 355 1062 409 pomell
1076 355 1290 408 (globulus
1308 355 1441 403 ensis;
1462 356 1561 407 gall.
1584 355 1680 395 hod,

130 425 396 478 pommae'lle)
419 425 530 465 nuh.
561 429 653 475 152,
683 431 747 466 13.

711 562 759 600 C.
824 559 1105 600 Gradatio.

255 672 366 712 Sunt
403 673 509 713 duae
537 673 794 725 gradationis
826 671 1083 713 britannicae
1116 671 1451 721 terminationeS,
1485 670 1590 712 -ccelz
1622 672 1687 711 vel

142 741 233 782 -oelz
262 743 554 796 comparativi,
590 757 686 784 -am
718 743 837 797 (af)
871 741 1129 796 superlativi,
1158 756 1336 795 quarum
1365 741 1437 782 illa
1464 743 1688 795 respondet

140 812 377 852 hibernicae
409 819 599 853 vetustae
621 828 679 861 -α,
707 812 769 852 -ίιι
790 814 850 866 (p.
880 817 992 865 145),
1019 812 1148 852 altera
1177 811 1415 851 hibernicae
1437 826 1533 851 -em.
1580 812 1690 852 Sunt

140 890 366 936 praeterea,
392 890 441 922 ut
473 882 517 922 in
547 882 694 936 lingua
722 881 951 931 hibernica,
978 889 1019 922 et
1047 882 1201 922 formae
1229 882 1433 935 quaedam
1454 882 1685 922 anomalae.

694 1027 1134 1082 Comparativus.

253 1141 377 1182 ACH
414 1140 685 1181 cambriea
722 1141 975 1182 terminatio.
1026 1139 1268 1182 Vestustius
1305 1140 1545 1195 exemplum
1582 1140 1690 1181 inter

140 1212 298 1265 glossas
316 1212 456 1252 Oxon.
474 1226 481 1251 ε
504 1211 734 1266 yzcobriaeh
768 1212 832 1265 gl.
854 1211 1102 1265 sapientior:
1130 1225 1220 1251 sera
1241 1218 1282 1251 et
1303 1210 1530 1266 sapientior
1552 1219 1686 1259 aetas3

140 1281 266 1335 posit.
288 1282 453 1336 quobri,
478 1283 536 1336 gl.
561 1282 713 1336 gravis,
736 1282 860 1335 ibid.)

255 1353 462 1407 Exempla
492 1367 513 1392 e
546 1353 686 1393 Mab.:
723 1352 914 1393 hardaela
946 1353 1023 1393 oecl
1051 1367 1102 1392 no
1128 1351 1428 1406 ywenhwyuccr
1458 1350 1693 1404 (amabilior

141 1430 229 1464 erat
251 1438 377 1477 quam
398 1422 635 1475 Genevara)
662 1427 698 1472 1,
725 1427 763 1462 4.
786 1422 984 1476 9Ζα38α61ι
1003 1437 1069 1477 yw
1089 1421 1206 1477 yvric
1227 1436 1303 1462 nor
1312 1421 1560 1477 ffenylwyd
1579 1421 1693 1474 (viri-

142 1493 276 1534 diores
307 1493 396 1547 ejus
425 1492 530 1533 rami
558 1507 684 1546 quam
710 1493 926 1547 pinorum)
954 1498 989 1542 1,
1021 1499 1057 1533 7.
1093 1507 1148 1547 ny
1170 1492 1310 1532 melseo?
1333 1491 1489 1547 ez’ryoet
1508 1506 1693 1546 morwyn

143 1564 301 1618 (lequach,
333 1565 437 1616 (non
467 1563 628 1604 viderat
657 1578 846 1617 unquam
874 1564 1059 1618 puellam
1086 1562 1387 1615 formosiorem)
1417 1567 1454 1611 1,
1483 1564 1579 1601 279.
1616 1562 1692 1602 lla-

143 1633 313 1675 wenaelt
334 1639 478 1688 uuwyt
496 1634 666 1689 wrtlcyf
684 1650 710 1689 y
732 1649 805 1675 ηοε-
827 1635 962 1675 bonno
986 1633 1150 1686 (laetior
1173 1632 1279 1673 mihi
1298 1632 1379 1673 fuit
1400 1632 1501 1673 haee
1522 1635 1625 1685 nox)
1653 1637 1689 1681 1,

148 1710 213 1744 10.
246 1703 459 1759 ryecedaclc
482 1705 560 1745 oed
573 1710 743 1759 yantaw
766 1704 1015 1751 (mirabilius
1037 1711 1123 1745 erat
1145 1704 1200 1757 ei)
1228 1708 1264 1752 1,
1291 1705 1386 1742 278.
1431 1703 1612 1743 Adverb.
1636 1717 1694 1758 yn

140 1775 312 1829 yscllczclc
334 1774 518 1828 (fortius)
543 1779 582 1824 3,
610 1778 706 1815 273.

258 1846 382 1886 OCH
419 1845 705 1885 armorica:
754 1844 949 1886 brassoclz
981 1844 1147 1899 (major)
1179 1844 1293 1884 Buh.
1323 1848 1397 1892 74,
1426 1847 1492 1883 23.
1522 1847 1595 1893 88,
1626 1848 1690 1883 19.

145 1916 212 1956 Ita
233 1923 275 1956 et
296 1915 419 1955 hodie
441 1915 621 1956 kaeroch
644 1915 911 1968 (formosior),
936 1914 1110 1955 abelae-la
1133 1914 1307 1967 (altior).

258 1985 491 2027 Corniea
525 1985 728 2027 dialectus
759 1985 900 2026 minus
933 1984 1112 2026 servavit
1140 1984 1478 2033 terminationes,
1514 1999 1620 2038 quae
1651 1984 1696 2024 in

144 2056 425 2110 comparativo
454 2064 502 2096 ut.
532 2056 785 2111 superlativo
814 2056 859 2096 in
880 2057 917 2096 A
940 2056 1007 2096 vel
1028 2057 1063 2096 E
1090 2055 1314 2095 destitutae
1345 2055 1622 2095 inveniuntur
1650 2054 1695 2094 in

146 2128 264 2167 Pass.
284 2142 292 2167 :
326 2127 456 2167 haara
486 2141 682 2167 mammas
714 2126 813 2182 vytla
842 2127 998 2181 ordnys
1018 2140 1074 2182 ny
1096 2140 1170 2181 vye
1192 2125 1433 2178 (terribilior
1453 2140 1563 2166 mors
1584 2140 1694 2166 nun-

146 2211 272 2249 quam
308 2196 497 2236 ordinata
526 2196 624 2249 fuit)
655 2201 748 2246 151,
776 2199 814 2236 2.
855 2196 966 2236 teche
994 2211 1044 2250 ys
1074 2195 1176 2237 boul
1201 2211 1266 2251 yw
1294 2211 1320 2251 y
1353 2196 1432 2250 ἶφι)
1462 2195 1696 2248 (formosior

146 2279 271 2319 quam
293 2266 390 2306 solis
412 2273 475 2306 est
495 2266 583 2320 ejus
605 2268 816 2320 aspectus)
842 2269 937 2315 226,
964 2271 1003 2305 4.

716 2412 1120 2467 Superlativus.

258 2530 347 2569 AM
383 2529 647 2570 cambriea
682 2530 885 2570 vetustior
926 2528 1177 2570 terminatio.
1233 2528 1487 2582 Exemplum
1520 2528 1693 2568 cambri-

149 2613 246 2638 eum
274 2606 489 2639 vetustum
518 2599 628 2640 inter
655 2601 814 2653 glossas
843 2601 988 2641 Oxon:
1024 2598 1198 2639 hiulcam
1230 2598 1305 2651 (gl.
1336 2597 1557 2651 patric-ius3
1592 2597 1689 2637 hod.

149 2668 301 2723 leymtf,
327 2684 378 2709 ex
399 2669 494 2719 lien,
521 2684 662 2719 senex,
692 2685 823 2724 germ.
849 2671 1050 2722 altester).

261 2739 337 2778 AF
365 2753 461 2780 cum
488 2740 641 2780 infecta
662 2754 703 2781 m
724 2741 930 2781 eambrica
957 2740 1150 2793 exempla
1173 2738 1402 2780 recentiora
1422 2750 1584 2790 semper
1605 2736 1695 2790 jam

150 2808 372 2848 exhibent:
408 2823 527 2849 maen
548 2810 681 2864 yssaf
698 2825 750 2865 yr
781 2825 941 2852 ureuan
965 2810 1089 2865 (lapis
1111 2809 1281 2849 infimus
1303 2808 1525 2859 molinae),
1552 2821 1695 2847 emaen

152 2879 290 2933 volcas,
316 2893 361 2919 er
381 2878 548 2934 lcysltccf
562 2879 685 2933 (lapis
708 2895 912 2929 summus,
933 2880 1129 2926 infimum
1156 2878 1356 2932 superior,
1384 2877 1570 2930 inferior)
1589 2878 1691 2931 Leg.

217 2955 301 2979 VOL.
322 2946 351 2979 Ι.
1368 2947 1417 2983 20
