1897 3072
386 163 429 201 ΙΙ
439 195 445 201 .
478 165 515 201 2.
580 174 879 202 ευΒεΤΑΝΤΠΑ
902 173 1172 201 BRITANNICA
1195 172 1472 200 COLLECTIVA.
1621 158 1702 197 299

154 275 420 329 qormessoecl
454 274 678 326 (miseriae)
711 275 827 314 Mab.
855 278 903 323 3,
931 278 1026 313 299.
1078 275 1194 312 Bene
1225 287 1321 326 ergo
1351 272 1477 312 etiam
1508 270 1621 311 oisou
1649 291 1706 303 τε

158 345 270 385 ov'sezc
292 352 331 384 et
354 345 512 392 oesoed,
539 345 724 393 oesoecld,
751 345 821 384 sed
852 344 1043 384 inaudita
1066 342 1303 384 terminatio
1326 341 1455 382 -oudh
1475 363 1532 375 =
1554 340 1701 380 -audcb

158 416 286 455 Porro
317 414 362 454 in
385 415 500 454 Mab.
529 420 566 463 3,
594 418 698 454 274:
729 415 928 469 qwledyd
946 414 1188 467 (regiones),
1214 414 1286 453 sed
1315 427 1439 466 supra
1468 411 1701 465 φεῖαιῖοθίῖ.

271 485 427 524 Iisdem
449 484 642 524 consonis
666 491 680 525 t
701 492 741 525 et
765 486 794 525 d
810 485 1008 525 finalibus
1031 483 1196 524 numeri
1216 483 1391 536 pluralis
1413 498 1437 522 a
1459 481 1623 521 cornica
1640 481 1705 520 vel

159 555 357 595 armorica
379 555 525 608 lingua
546 554 760 609 pauciores
783 556 943 595 vocales
966 554 1307 609 praemittuntur,
1329 554 1380 593 ab
1402 552 1473 592 illa
1494 567 1520 592 α
1542 559 1582 591 61
1598 567 1624 606 y
1641 551 1706 590 vel

160 641 193 674 e,
220 626 271 665 ab
293 626 370 665 hac
393 626 478 665 sola
500 641 534 665 e.

272 696 495 736 Cornica
524 697 728 750 exempla.
760 697 836 736 AT
860 698 991 739 (corn.
1014 710 1094 744 -as,
1115 702 1163 734 111
1185 709 1259 743 -es,
1281 709 1361 748 -ys,
1381 709 1423 747 p.
1443 696 1563 745 178);
1591 693 1706 732 bene-

157 781 234 806 nas
257 766 493 817 (mulieres;
520 766 628 819 sing.
654 766 786 820 benyn
811 771 905 814 167,
936 768 975 818 1)
999 767 1117 806 Pass.
1145 768 1212 812 29,
1244 769 1278 803 1.
1307 767 1401 812 168,
1430 768 1466 802 1.
1496 769 1533 802 3.

272 837 360 884 ΕΤ,
387 837 467 875 IT:
488 835 650 890 stechel
679 835 834 888 (liberi)
858 837 1014 876 Vocab.
1036 834 1182 889 flehys
1215 833 1370 885 (liberi)
1394 834 1512 873 Pass.
1544 838 1636 881 149,
1664 838 1702 872 4.

162 910 255 954 196,
286 911 322 945 1.
356 907 484 960 (lenys
516 905 744 957 (homines)
780 909 881 954 169,
910 910 948 945 4.
983 905 1134 959 skenys
1165 903 1318 956 (nervi)
1353 907 1453 952 183,
1482 908 1521 942 4.
1553 917 1707 957 cowsys

159 977 318 1029 (verba)
346 981 419 1026 15,
447 981 486 1016 4.
515 980 582 1025 36,
609 980 648 1015 4.
682 975 812 1016 inuiis
843 975 1046 1029 (articuli)
1073 979 1166 1024 181,
1193 979 1233 1013 4.
1258 973 1427 1026 prv'noz's
1460 972 1706 1026 (principes)

160 1050 235 1095 64,
266 1050 302 1086 1.
337 1060 525 1102 speresys
555 1045 763 1100 (spiritus)
791 1051 864 1096 15,
892 1050 930 1086 2.
984 1046 1179 1086 Alternat
1219 1059 1316 1085 cum
1345 1059 1450 1084 -on.·
1482 1044 1707 1098 dyscyplys

159 1116 390 1171 (discipuli)
415 1121 481 1166 52,
511 1120 549 1156 2.
577 1121 644 1166 55,
673 1120 711 1165 3,
737 1131 861 1171 supra
885 1116 1124 1172 dyscyblon.

271 1188 350 1227 ΕΙ)
381 1188 512 1238 (corn.
540 1186 647 1235 -ellc,
681 1200 723 1240 p.
754 1188 874 1239 163):
909 1186 1014 1228 eleth
1047 1185 1222 1239 (angeli)
1254 1186 1372 1225 Pass.
1404 1190 1476 1233 14,
1505 1188 1542 1224 2.
1574 1189 1637 1232 18,
1666 1189 1704 1223 4.

161 1261 256 1306 226,
290 1262 328 1297 3.

270 1327 566 1367 Armorica.
612 1328 686 1367 ET
717 1342 738 1367 e
771 1328 907 1367 Buh.:
943 1333 1068 1368 steret
1098 1327 1279 1379 (stellae)
1312 1331 1388 1375 90,
1419 1331 1483 1364 15.
1512 1329 1610 1373 128,
1643 1329 1705 1364 18.

156 1404 297 1452 yoezet
327 1398 472 1449 (ferae)
506 1402 579 1446 30,
609 1402 674 1437 11.
704 1401 778 1446 32,
809 1402 873 1437 13.
907 1398 1040 1438 lomet
1066 1396 1283 1443 (animalia
1294 1413 1304 1444 ;
1338 1396 1492 1435 cambr.
1529 1395 1708 1449 Zlydnot)

163 1473 229 1518 30,
261 1472 324 1507 18.
353 1468 535 1508 bretonet
556 1467 789 1521 (Britanni)
813 1473 881 1517 44,
911 1473 975 1508 16.
1006 1472 1070 1517 78,
1098 1471 1136 1507 2.
1165 1470 1230 1506 25.
1267 1464 1709 1518 Zecmeset(sancti1no—

160 1539 310 1591 niales)
335 1541 402 1587 22,
429 1542 467 1577 2.
504 1544 684 1579 scmteset
714 1540 918 1592 (sanctae)
945 1543 1048 1588 136,
1076 1541 1143 1578 22.
1177 1542 1426 1578 comam-eset
1455 1535 1709 1588 (commatri-

160 1610 256 1661 nae)
281 1612 358 1658 98,
386 1611 452 1647 22.
488 1608 682 1649 (mecmlet
714 1609 948 1661 (animalia)
981 1612 1082 1658 128,
1113 1614 1149 1648 7.
1172 1608 1372 1661 prelaclet
1402 1606 1613 1660 (praelati)
1640 1610 1707 1654 78,

164 1682 230 1718 26.
276 1679 418 1719 Hodie
441 1679 513 1718 -ed
523 1696 535 1718 :
558 1678 767 1719 mere'leed
786 1679 948 1732 (filiae),
974 1679 1170 1719 lsoalmed
1189 1678 1458 1730 (columbae).

275 1750 354 1789 ED
378 1751 545 1801 (armor.
571 1764 607 1798 z,
629 1764 669 1802 p.
696 1752 814 1802 164):
842 1750 953 1790 caele:
976 1749 1150 1803 (angeli)
1175 1748 1287 1788 Buh.
1314 1752 1406 1796 144,
1430 1750 1496 1786 23.
1520 1750 1615 1796 206,
1642 1750 1707 1785 13.

166 1824 230 1858 16.
256 1825 467 1868 (zutronez,
484 1825 709 1860 antromaez
727 1820 923 1873 (domini)
939 1825 1005 1869 34,
1024 1824 1062 1859 8.
1081 1822 1174 1868 182,
1195 1822 1260 1858 12.
1286 1817 1525 1858 Hodierna:
1548 1822 1710 1857 (cotron-

161 1904 235 1929 φερε
257 1889 468 1942 (domini),
490 1903 645 1944 qrayez
667 1890 879 1940 (feminae,
906 1890 1014 1945 sing.
1036 1904 1164 1944 {srefffi-
1190 1889 1344 1929 cambr.
1367 1887 1641 1942 mor-emedd).

392 2049 612 2088 Formae
644 2049 969 2089 collectivae
1000 2056 1049 2089 et
1080 2046 1477 2101 singulativae.

278 2171 511 2211 Peculiaria
534 2179 633 2211 sunt
655 2186 716 2221 eo,
739 2174 851 2226 quod
871 2171 1045 2227 pluralis
1069 2171 1419 2225 significationem
1435 2184 1520 2209 non
1538 2169 1713 2208 formam

164 2255 261 2294 prae
292 2255 334 2280 se
364 2241 518 2289 ferunt,
544 2241 779 2282 britannica
811 2241 1073 2281 substantiva
1095 2241 1324 2288 collectiva,
1350 2239 1502 2293 quibus
1523 2238 1713 2292 opposita

167 2318 265 2350 sunt
287 2311 556 2364 singulativa,
578 2319 625 2352 ut
646 2312 771 2352 velim
792 2312 1014 2366 appellare,
1036 2318 1077 2351 et
1098 2310 1361 2351 substantiva
1377 2309 1543 2349 numeri
1559 2308 1709 2349 dualis.

280 2381 604 2422 Collectivorum
644 2397 691 2422 ea
719 2381 904 2436 primum
930 2381 1085 2435 plurali
1112 2380 1343 2435 subjungo,
1379 2394 1485 2433 quae.
1514 2379 1640 2419 etiam
1668 2378 1713 2417 in

165 2450 254 2504 ejus
275 2451 406 2491 forma
429 2466 516 2492 esse
538 2453 748 2501 videntur,
769 2452 991 2493 terminata
1013 2451 1168 2491 scilicet
1189 2450 1391 2491 cambrice
1408 2449 1532 2490 hodie
1549 2462 1714 2503 quoque

166 2521 211 2560 in
243 2522 398 2571 WYS,
424 2537 460 2562 e.
485 2537 548 2576 gr.
584 2524 777 2578 JJonwgss
805 2523 1097 2575 (Monenses),
1122 2521 1369 2577 Lloeyrwys
1399 2522 1710 2573 (Loegrenses).

168 2592 220 2630 In
251 2606 333 2644 qua
363 2600 501 2632 tamen
528 2593 821 2633 terminatione
843 2592 1036 2646 equidem
1057 2607 1143 2633 non
1166 2592 1284 2632 video
1305 2591 1529 2631 flexionem
1550 2587 1715 2628 numeri

167 2661 363 2714 pluralis,
389 2670 438 2702 ut
468 2670 568 2702 sunt
600 2663 802 2703 hactenus
832 2670 1122 2712 enumeratae,
1159 2664 1230 2703 sed
1257 2661 1572 2707 derivationem,
1609 2671 1714 2710 quae

162 2731 251 2784 jam
273 2732 389 2771 adest
406 2731 450 2771 in
475 2740 639 2773 vetusta
656 2748 755 2773 voce
781 2733 985 2772 cambrica
1005 2733 1155 2773 tuscois
1173 2733 1248 2786 (gl.
1272 2740 1438 2779 tusc-us3
1464 2729 1515 2769 cf.
1535 2743 1578 2781 p.
1597 2730 1711 2779 137),

168 2808 209 2840 et
240 2801 284 2840 in
313 2801 660 2854 significationem
690 2817 837 2843 sensus
859 2802 1066 2843 collectivi
1088 2810 1129 2843 et
1150 2802 1314 2843 numeri
1336 2799 1508 2854 pluralis
1533 2797 1712 2838 transiit.

170 2870 280 2910 Sunt
311 2870 515 2923 ejusmodi
537 2871 662 2911 etiam
683 2872 883 2912 armorica
906 2873 950 2912 in
972 2873 1049 2912 IS:
1086 2887 1178 2912 maz
1200 2886 1292 2911 tezo
1314 2876 1425 2910 aeset
1444 2884 1498 2909 an
1521 2868 1634 2908 hedis
1651 2869 1716 2919 (111
