1897 3072
255 117 286 156 [.
397 128 619 156 (ῸΝΞΟΝΑΕ
643 128 940 157 BRITANNICAE
963 128 1241 156 INCHOANTES
1264 130 1550 157 DESTITUTAE.
1634 119 1714 157 217

315 119 353 156 ΞΟ

172 244 198 269 (ι
228 228 384 269 welez'st
414 228 461 268 di
490 230 612 279 <num
639 227 783 268 vidisti
805 235 851 268 tu
864 227 896 281 ἲ)
923 233 959 277 1,
989 230 1083 267 237.
1118 242 1308 283 aovynny
1336 229 1479 270 (Zz'tlzeu
1502 231 1631 284 (quod
1652 230 1715 270 in-

172 298 398 352 terrogabis
423 300 486 350 tu)
513 303 548 347 1,
573 303 668 338 237.
694 297 862 338 mimaezc
884 297 955 338 atla
968 298 1111 352 yaraf
1124 298 1172 338 di
1191 300 1285 352 (ego
1306 301 1453 340 amabo
1476 303 1534 354 te)
1557 306 1593 350 1,
1617 304 1712 341 268.

170 375 245 423 nyt
265 375 493 409 atu-acmen
517 368 534 408 ί
553 368 647 408 dide?
667 370 770 421 (non
793 369 1093 421 cognoscebam
1114 383 1190 422 ego
1213 371 1271 421 te)
1295 375 1330 419 1,
1354 373 1421 410 25.
1448 387 1520 411 ezzo
1542 372 1613 412 ath
1629 373 1720 427 qud

170 438 314 478 da'tlaea
344 438 450 492 (ipse
473 438 624 478 celabit
646 440 703 491 te)
731 443 766 487 1,
799 443 862 478 14.
906 439 1005 478 Non
1028 445 1168 479 tamen
1191 454 1371 493 semper:
1397 441 1554 482 rodeist
1576 442 1608 482 ti
1629 443 1715 493 (de-

169 508 285 561 disti)
313 513 348 557 1,
377 512 471 548 232.
497 508 574 561 pei
593 509 717 548 rodat
748 507 781 548 ti
801 508 854 560 (si
875 509 992 548 dares
1015 511 1079 561 tu)
1107 514 1143 558 1,
1172 512 1266 549 273.
1292 525 1386 563 pan
1408 513 1563 553 wnelzct
1587 512 1717 553 titheu

170 579 285 625 (cum
306 585 352 617 tu
373 578 569 631 faciebas)
597 583 632 627 1,
660 583 698 618 9.

282 649 440 688 Eodem
467 649 590 688 modo
620 662 801 688 consona
824 647 1026 688 inchoans
1047 650 1307 702 pronominis
1328 652 1558 704 personalis
1586 658 1622 692 1.
1647 668 1711 707 ps.

168 718 276 771 sing.
312 718 384 766 mi,
421 718 534 766 mici,
568 718 751 766 mjnneu,
787 717 821 757 si
853 726 916 758 cst
947 719 1179 772 objectum:
1214 721 1409 761 arbon-cla
1433 722 1523 761 viui
1551 724 1714 777 (exspe-

167 795 275 828 ctate
302 788 414 840 mel)
439 789 554 827 Mab.
579 792 616 836 1,
640 792 706 826 30.
750 787 795 828 Si
831 795 972 827 autem
1008 796 1070 828 est
1107 790 1356 843 subjectum,
1388 792 1496 845 perit
1532 807 1716 833 consona

165 858 390 897 inchoans:
424 873 451 911 2]
478 857 646 911 yzcelez's
676 857 693 896 κ’
712 857 817 910 (vidi
838 863 932 911 ego)
956 858 1072 898 Mab.
1102 863 1138 908 1,
1168 863 1205 898 3.
1230 875 1256 914 3]
1279 861 1419 914 rodas
1441 861 1567 902 imzeu
1590 864 1714 915 (dabo

165 934 258 981 ego)
286 933 322 977 1,
351 931 417 967 21.

278 998 534 1038 Pronomina
565 998 769 1038 cambrica
798 998 1030 1052 possessiva
1063 1004 1100 1039 1.
1126 1007 1167 1039 et
1191 1003 1228 1039 2.
1254 1015 1362 1054 pers.
1389 1001 1497 1055 sing.
1524 1002 1715 1043 absoluta

165 1084 327 1123 semper
355 1083 451 1109 cuni
484 1083 667 1109 consona
697 1069 922 1109 inchoante
954 1069 1157 1110 destituta
1186 1078 1411 1125 apparent,
1436 1087 1486 1126 vy
1519 1079 1560 1111 et
1590 1073 1644 1127 dy
1674 1075 1713 1126 (e

163 1155 247 1195 my,
276 1142 352 1194 ἴῃ),
378 1155 464 1180 11011
487 1140 623 1180 solum
643 1146 738 1193 post
759 1140 948 1189 verbum,
970 1141 1042 1180 sed
1063 1147 1158 1193 post
1179 1155 1299 1181 voces
1321 1142 1661 1196 qualescumque.

276 1210 613 1265 Praepositiones
635 1210 864 1250 cambricae
885 1210 986 1250 item
1012 1212 1159 1265 φορᾶς]
1182 1213 1329 1265 (post),
1351 1212 1489 1266 guorth
1512 1215 1708 1267 (contra),

164 1287 268 1336 trwy
292 1283 414 1335 (per),
438 1287 520 1321 tros
544 1282 721 1335 (supra),
743 1295 821 1321 can
844 1282 975 1334 (cum)
993 1290 1198 1335 apparent
1218 1282 1554 1335 frequentissime
1576 1285 1708 1339 παῖς),

163 1352 284 1400 zertle,
318 1353 451 1406 εἶναψ,
488 1351 608 1399 clros,
640 1366 741 1404 glan,
772 1351 870 1404 quia
906 1365 1132 1391 consonam
1168 1351 1438 1392 inchoantem
1473 1353 1712 1394 destituunt

163 1437 249 1461 non
272 1422 408 1462 solum
429 1428 524 1475 post
545 1422 732 1469 verbum,
755 1422 827 1460 sed
847 1420 974 1461 etiam
994 1421 1039 1461 in
1056 1421 1148 1462 aliis
1168 1421 1477 1475 junctionibus,
1498 1423 1543 1463 in
1560 1424 1710 1476 quibus

161 1507 246 1532 non
278 1499 340 1532 est
369 1491 602 1532 necessaria
628 1490 825 1545 aspiratio
846 1491 912 1531 vel
935 1498 1068 1531 status
1090 1492 1313 1545 primarius
1337 1494 1569 1534 secundum
1589 1508 1710 1548 regu-

162 1563 237 1603 las.
279 1562 615 1616 Praepositiones
636 1576 757 1615 porro
779 1563 933 1601 cambr.
960 1569 1041 1602 vet.
1068 1562 1116 1602 di
1135 1564 1209 1616 (=
1229 1562 1392 1603 hibern.
1419 1570 1501 1603 vet.
1527 1565 1593 1613 do,
1619 1566 1706 1618 ad),

161 1633 209 1673 (lz'
229 1633 410 1685 (hibern.
436 1640 519 1673 vet.
546 1632 604 1681 di,
630 1633 698 1685 de)
720 1632 883 1685 perdita
911 1633 943 1672 d
966 1632 1011 1672 in
1034 1632 1209 1673 formam
1230 1634 1471 1674 recentioris
1493 1634 1662 1688 linguae
1682 1651 1709 1690 y

161 1703 442 1752 transierunt,
477 1702 651 1743 detritae
687 1702 967 1756 frequentiore
994 1717 1077 1743 usu
1115 1710 1164 1743 ut
1192 1718 1423 1758 pronomen
1454 1704 1561 1744 illud
1590 1705 1608 1745 i
1634 1721 1710 1759 pro

161 1773 219 1823 ui,
246 1773 317 1814 mi.

272 1843 471 1884 Adverbii
493 1857 675 1884 consona
695 1843 899 1884 inchoans
920 1845 1121 1885 destituta
1137 1851 1233 1898 post
1249 1846 1442 1885 verbum:
1469 1859 1546 1900 nys
1560 1860 1708 1901 qwney

159 1914 319 1955 bellach
342 1916 445 1967 (non
467 1914 591 1954 facies
614 1914 816 1968 amplius3
834 1915 1025 1968 pellacla)
1049 1917 1164 1956 Mab.
1195 1920 1232 1964 3,
1261 1920 1356 1955 304.

272 1984 502 2026 Cornice
532 1991 628 2038 post
656 1985 830 2025 verbum
858 1985 1171 2026 substantivum
1197 1986 1264 2026 vel
1295 1986 1409 2026 aliud
1441 2001 1624 2027 consona
1644 1988 1707 2028 in-
1746 2023 1749 2025 .

158 2054 313 2095 choans
336 2055 441 2095 solet
462 2055 616 2095 servari
635 2055 849 2109 primitiva
872 2056 941 2108 (A.
968 2056 1004 2096 I.
1033 2059 1091 2109 5),
1118 2056 1309 2110 quamvis
1332 2064 1373 2096 et
1394 2057 1462 2097 hic
1484 2072 1571 2097 non
1592 2059 1708 2098 deest

157 2124 394 2164 destitutio:
428 2140 475 2165 us
510 2139 580 2165 aas
610 2127 691 2177 (est
711 2126 866 2178 bonus)
889 2126 1008 2165 Pass.
1038 2130 1103 2174 16,
1132 2130 1169 2165 3.
1215 2127 1387 2176 Contra,
1413 2134 1461 2167 ut
1482 2128 1702 2177 cambrica,

157 2194 284 2234 etiam
324 2194 488 2234 cornica
517 2195 766 2248 pronomina
796 2210 896 2235 usus
929 2195 1220 2249 frequentioris
1248 2204 1451 2250 perpetua
1480 2197 1706 2238 infectione

156 2272 319 2318 arrepta
350 2264 639 2314 inveniuntur,
666 2280 701 2305 e.
728 2280 789 2319 gr.
815 2280 935 2320 pron.
969 2280 1135 2318 person.
1165 2271 1200 2306 1.
1225 2281 1334 2320 pers.
1365 2266 1473 2321 sing.
1501 2268 1706 2322 postposi-

158 2341 269 2374 tum:
304 2334 511 2389 holyouqla
533 2351 578 2375 ve
600 2336 843 2389 (sequimini
863 2338 946 2390 me)
970 2338 1021 2377 P.
1049 2341 1115 2386 53,
1146 2341 1183 2386 1,
1210 2338 1452 2391 praesertim
1473 2337 1706 2391 possessiva

156 2419 191 2444 e.
216 2419 279 2458 gr.
309 2410 345 2445 1.
371 2412 412 2445 et
435 2409 473 2445 2.
498 2421 624 2459 pers„
651 2421 756 2460 quac
779 2421 800 2446 e
821 2406 962 2446 formis
987 2407 1210 2460 primitivis
1232 2422 1312 2457 mo,
1338 2422 1420 2457 ma,
1447 2409 1513 2458 do,
1542 2409 1597 2448 cla
1619 2422 1704 2447 cor-
1727 2442 1729 2444 .

154 2474 248 2514 nice
269 2475 377 2515 facta
399 2483 498 2516 sunt
519 2492 594 2526 ow,
617 2477 702 2531 thy,
730 2476 810 2517 the.
846 2478 899 2517 In
921 2477 1193 2517 destitutione
1214 2478 1316 2518 item
1335 2486 1537 2532 perpetua
1563 2493 1703 2518 occur-

155 2551 255 2583 runt
282 2544 327 2585 in
350 2546 468 2585 Pass.
499 2547 825 2600 praepositiones
859 2547 945 2597 the,
971 2548 1118 2597 worth,
1144 2549 1238 2597 dre,
1266 2549 1382 2603 drys,
1404 2565 1513 2603 qaas
1536 2549 1598 2601 (in
1620 2549 1703 2588 Vo-

156 2615 245 2654 cab.
272 2615 408 2655 adhuc
430 2619 563 2670 cans).

269 2685 566 2727 Armoricae
603 2702 767 2741 quoque
799 2688 1029 2741 particulae
1060 2690 1112 2730 ob
1143 2689 1274 2730 dictas
1305 2704 1450 2730 causas
1479 2696 1521 2728 et
1552 2689 1603 2727 ob
1624 2687 1701 2727 fre-

156 2762 355 2808 quentem
385 2770 509 2796 usum
542 2771 745 2798 consonas
777 2758 1024 2799 inchoantes
1055 2774 1217 2813 semper
1248 2760 1469 2800 destitutas
1503 2757 1703 2798 exhibent

148 2824 237 2877 jam
260 2825 303 2865 in
324 2825 425 2866 Vita
447 2826 491 2866 S.
516 2827 710 2878 Nonnae,
737 2843 772 2869 e.
797 2843 860 2882 gr.
885 2843 1055 2883 praepp.
1077 2836 1183 2883 qaut
1204 2832 1352 2883 (curn),
1383 2831 1458 2870 dre
1482 2830 1605 2882 (per),
1631 2828 1701 2868 ad-
