1897 3072
404 157 462 195 ΙΙ.
501 160 537 195 3.
602 169 864 196 ΝυΜΕΒΑωΛ
892 168 1157 195 ssnrrANNicA
1180 167 1463 195 CARDINALIA.
1626 156 1705 193 325

159 267 312 319 λιστμ,
350 265 511 308 Γάλλοι
546 265 848 320 πεμπέὸουλα,
886 264 1030 307 Anime
1066 264 1368 322 προπεὸουλά.
1414 268 1496 307 Pro
1532 265 1704 318 πεμπέ-

161 337 296 378 docta
339 338 419 378 alia
454 338 576 379 lectio
612 335 946 390 πομπαιδοῑλά.
1003 338 1066 378 De
1104 353 1201 378 voce
1248 338 1347 378 decla
1385 337 1543 377 dictum
1580 352 1705 390 supra

159 412 218 462 (p.
247 413 332 460 45).
349 408 368 428 ἕ·

270 479 308 517 V
314 479 347 517 I.
383 478 649 518 CHWECH
670 477 739 524 (cf.
761 491 802 530 p.
823 481 915 516 145.
936 481 1048 530 147).
1081 478 1248 518 Cambr.
1266 493 1273 517 :
1296 477 1459 518 elcweeh
1477 478 1663 518 onadmzt
1679 493 1704 516 α

153 547 344 602 qymertle
379 563 432 602 ηρ]
463 547 607 588 march
634 580 642 586 .
672 579 680 586 .
710 579 718 586 .
745 547 935 588 aehweeh
958 548 1080 588 eree'll
1097 549 1284 588 omzclzmt
1305 563 1329 587 α
1348 547 1541 602 qymertlc
1565 562 1612 601 vy
1635 562 1702 586 cm·-

157 634 235 658 ececc
260 650 267 657 .
298 650 304 657 .
336 651 342 657 .
369 632 419 658 (cr
447 618 603 672 trydyd
630 617 792 657 ehwecla
815 619 1002 658 madunt
1021 619 1278 658 acloclassant
1299 617 1468 658 Zl'iez'neec
1490 632 1540 657 (cr
1559 634 1586 672 y
1609 618 1701 672 byr-

155 689 234 727 (leec
260 720 267 726 .
297 720 304 726 .
335 720 342 726 .
369 702 418 726 (cr
435 688 677 741 pedwyrycl
695 687 856 727 ehweelz
878 688 1153 728 adioclassant
1171 703 1221 742 vy
1246 687 1516 728 lleccleticwz‘sc
1538 690 1628 740 (sex
1650 703 1701 727 ex

155 758 227 806 eis,
254 757 420 810 puelliS‚
447 764 686 796 sumserunt
708 772 863 810 equum
885 772 1025 797 meum
1046 790 1053 797 .
1079 790 1086 797 .
1108 766 1149 797 et
1170 772 1241 797 sex
1264 757 1369 797 aliae
1392 772 1442 796 ex
1465 757 1522 797 eis
1545 772 1700 797 sumse-

153 835 253 867 runt
284 834 537 866 armaturam
568 840 718 875 meam,
749 859 756 866 .
786 859 793 866 .
820 836 861 866 et
889 827 1010 867 tertio
1042 842 1113 867 sex
1136 842 1187 866 ex
1209 827 1266 867 eis
1290 835 1525 867 straverunt
1548 828 1635 867 lina
1656 828 1698 867 in

152 897 321 946 mensis,
342 929 349 936 .
369 929 377 936 .
394 903 434 936 et
452 903 598 949 quarto
616 910 689 935 sex
705 896 977 937 detraxerunt
993 905 1128 937 vestes
1145 911 1257 937 meas
1275 896 1450 948 lutosas)
1470 898 1586 937 Mab.
1605 902 1640 946 1,
1657 903 1695 936 4.

264 967 317 1006 In
349 966 647 1020 compositione
680 966 861 1006 CHWE
894 967 1122 1021 (aspirans,
1154 982 1196 1021 p.
1226 970 1348 1018 210):
1385 967 1438 1020 ef
1460 981 1486 1005 cc
1517 967 1698 1007 deecenas

151 1044 251 1078 ιιίαει
273 1037 484 1091 σῆ.ιιθῃῑιμ1·
502 1036 789 1089 (demandavit
810 1038 861 1076 ad
879 1051 922 1077 se
939 1052 1012 1077 sex
1029 1037 1154 1090 Viros)
1174 1039 1276 1091 Leg.
1298 1037 1426 1090 praef.
1453 1037 1506 1091 ef
1518 1037 1697 1077 (ceclzwe-

149 1108 252 1148 meib
272 1107 377 1161 (ipse
394 1106 566 1160 ejusque
589 1121 661 1146 sex
681 1106 775 1159 filii)
798 1107 913 1147 Mab.
940 1113 975 1157 1,
999 1111 1093 1147 235.
1120 1123 1146 1147 α
1162 1108 1273 1148 chace
1291 1107 1429 1148 tlwrtlc
1447 1122 1573 1147 avara
1591 1123 1695 1148 cmm

149 1182 209 1227 (et
230 1194 302 1219 sex
323 1193 451 1232 panes
474 1177 575 1230 albi)
600 1177 715 1217 Mab.
747 1181 781 1225 1,
810 1179 904 1217 251.
940 1178 1033 1218 mab
1056 1178 1310 1233 chweblwyd
1328 1184 1340 1223 <
1347 1178 1458 1218 filius
1482 1177 1695 1229 sexennis)

150 1249 265 1288 Mab.
294 1253 331 1297 3,
359 1252 424 1287 32.

263 1319 388 1359 Corn.
422 1318 510 1358 whe
542 1319 677 1357 Borde
707 1319 813 1369 (sec,
845 1322 918 1370 16)
951 1333 1017 1372 ap.
1051 1320 1306 1359 Treenoodle
1337 1335 1378 1373 p.
1408 1325 1473 1359 55.
1526 1321 1688 1359 Armor.

148 1389 244 1429 hod.
271 1388 473 1429 e’lcwec'h..

260 1459 364 1499 VII.
410 1459 590 1500 SEITH
613 1459 686 1509 (Ξ
715 1462 816 1510 sept,
842 1458 907 1497 vel
936 1459 1075 1512 potius
1106 1466 1259 1513 septen,
1286 1476 1327 1513 p.
1357 1465 1421 1499 54.
1453 1465 1544 1499 179.
1574 1464 1687 1512 225).

147 1530 314 1569 Cambr.
334 1544 341 1568 :
375 1529 479 1569 seith
509 1528 616 1568 seint
637 1529 815 1581 (septem
836 1528 988 1581 sancti)
1014 1529 1106 1569 Lib.
1128 1531 1263 1570 Land.
1291 1534 1381 1569 122.
1413 1530 1519 1570 seith
1541 1531 1686 1578 blenet,

143 1599 262 1653 seytlc
293 1599 429 1639 ulenet
459 1601 645 1652 (septeni
676 1597 801 1649 anni)
833 1599 934 1652 Leg.
966 1603 1000 1638 1.
1029 1602 1065 1638 2.
1095 1604 1141 1647 33
1179 1603 1216 1639 2.
1248 1604 1283 1639 1.
1316 1605 1349 1639 1.
1385 1600 1491 1640 seith
1521 1601 1693 1655 mlynesl

145 1669 260 1708 Mab.
290 1673 328 1718 2,
361 1672 452 1708 198.
481 1673 524 1717 3,
553 1671 647 1706 272.
680 1667 919 1722 sez‘tlclyclyn
947 1669 1063 1709 moola
1093 1671 1270 1722 (septem
1291 1670 1479 1724 porcelli)
1504 1671 1618 1710 Mab.
1646 1675 1684 1717 2,

146 1741 239 1777 211.
274 1738 537 1779 see'tlemez'rcle
560 1739 738 1791 (septem
770 1738 883 1791 equi)
907 1739 1021 1778 Mab.
1050 1742 1088 1787 2,
1117 1744 1183 1778 39.
1217 1739 1430 1780 sez'tlzmez'b
1454 1741 1559 1780 aoecl
1577 1740 1687 1780 idem)

141 1816 319 1862 (septem
341 1808 417 1848 filii
439 1816 555 1848 erant
577 1808 632 1860 ei)
656 1809 770 1848 Mab.
802 1813 837 1856 1,
866 1811 960 1848 235.

254 1880 380 1920 Corn.
405 1878 500 1932 syth
522 1893 588 1931 ap.
616 1879 766 1917 Borde.
801 1878 965 1918 Armor.
991 1878 1089 1918 hod.
1114 1879 1210 1919 seiz.

251 1949 379 1989 VIII.
425 1949 575 1988 OITH
608 1950 681 2000 (Ξ
702 1954 778 1997 oct,
805 1954 933 1997 oeten,
958 1963 1000 2002 p.
1029 1952 1115 2001 54).
1163 1950 1356 1990 Cambr.:
1389 1949 1498 2004 myth
1529 1952 1687 1991 <braeost

139 2020 250 2069 (octo
273 2019 426 2071 trabes)
450 2019 566 2058 Mab.
590 2022 628 2067 2,
651 2022 747 2058 211.
792 2019 1006 2071 Frequens
1029 2034 1211 2072 compos.
1238 2020 1398 2060 vitlmos
1421 2020 1684 2073 (hebdomas)

140 2088 241 2141 Leg.
265 2091 302 2127 2.
331 2093 369 2127 6.
397 2093 435 2128 3.
460 2103 516 2143 yn
537 2103 589 2143 Ψ·
610 2103 666 2128 zm
688 2088 874 2142 wytlmos
898 2089 1061 2137 (eadem
1083 2089 1359 2142 hebdomade)
1384 2091 1499 2130 Mab.
1526 2095 1561 2139 1,
1585 2095 1679 2130 244.

140 2157 217 2197 teir
237 2157 423 2212 wytlmos
446 2159 546 2209 (tres
569 2158 866 2211 hebdomades)
889 2159 1005 2197 Mab.
1036 2163 1072 2207 1,
1101 2163 1196 2198 254.
1225 2162 1320 2199 257.

251 2228 378 2267 Corn.
404 2227 527 2281 etht
547 2243 614 2280 ap.
640 2227 790 2265 Borde.
824 2226 989 2267 Armor.
1016 2228 1113 2267 hod.
1140 2228 1215 2268 εἰς).

252 2297 334 2336 ΙΧ.
388 2298 536 2345 NAU,
575 2296 717 2337 NAW
754 2298 837 2347 (Ξ
864 2311 967 2346 nav,
1010 2313 1166 2347 nawen,
1207 2314 1249 2353 p.
1278 2305 1362 2352 54).
1421 2301 1588 2341 Cambr.
1608 2317 1616 2341 :
1656 2318 1682 2357 y

228 2419 242 2435 ‘⁸
267 2419 324 2452 En
349 2419 406 2452 hic
434 2419 539 2452 etiam
564 2419 754 2460 Dacorum,
785 2424 819 2452 et
844 2420 940 2464 quod
967 2420 1060 2453 idem
1087 2427 1140 2455 est
1164 2422 1339 2456 Thracum
1360 2423 1504 2467 (Getae,
1532 2424 1621 2457 Daci
1647 2431 1680 2457 et

135 2475 286 2508 Thraces
311 2475 469 2519 ejusdem
495 2476 638 2521 linguae
664 2475 786 2521 populi
812 2476 1007 2510 secundum
1026 2477 1251 2524 Strabonem)
1275 2491 1459 2513 numerum
1483 2492 1594 2524 prope
1618 2492 1680 2525 pro

128 2542 262 2574 pempe,
276 2535 392 2574 pente,
406 2532 519 2576 pimp,
527 2533 627 2577 fimf
641 2532 790 2566 aliorum
807 2532 1031 2577 populorum,
1053 2534 1113 2578 qui
1131 2546 1298 2568 numerus
1316 2536 1491 2569 thracicus
1509 2537 1678 2581 liquidam

135 2597 154 2617 r
180 2597 243 2630 pro
267 2599 312 2627 m,
334 2599 357 2620 η
381 2587 530 2621 aliorum
556 2588 739 2629 exhibens,
760 2588 920 2632 linguam
937 2589 1110 2623 Thracum
1137 2596 1208 2623 tam
1235 2591 1378 2624 affinem
1400 2592 1477 2625 aliis
1496 2592 1678 2636 europaeis

135 2653 240 2685 quam
265 2646 300 2674 et
323 2643 499 2688 propriam
527 2649 562 2677 et
585 2645 640 2678 sui
658 2645 796 2689 generis
814 2645 921 2678 fuisse
940 2646 1108 2679 ostendit.
1143 2647 1314 2692 Idemque
1332 2647 1488 2680 ostendit
1506 2647 1678 2691 posterior

132 2709 202 2730 vox
220 2698 338 2731 dacica
356 2698 449 2739 dala,
471 2711 559 2744 quae
577 2701 768 2734 concordat
785 2713 864 2734 cum
882 2700 1020 2745 gallica,
1042 2706 1081 2735 ut
1104 2703 1215 2735 latina
1233 2714 1311 2735 cum
1330 2714 1466 2746 graeca,
1488 2703 1640 2736 mediam
1658 2704 1681 2735 d

134 2764 269 2797 ponens
294 2753 372 2786 loco
399 2754 417 2786 b
442 2755 578 2788 mediae
605 2758 826 2801 germanicae
843 2757 880 2790 in
900 2757 1013 2798 b-l-at,
1035 2763 1069 2791 et
1086 2758 1259 2803 aspiratae
1277 2770 1422 2802 graecae
1441 2763 1475 2791 et
1493 2759 1622 2792 latinae
1641 2759 1677 2792 in

136 2807 437 2852 ([ύλλον,]“οἰῑ“ιωη,
460 2812 653 2846 secundum
677 2813 911 2846 mutationem
937 2824 1182 2853 consonarum,
1204 2815 1247 2847 de
1265 2826 1333 2859 qua
1351 2826 1455 2859 supra
1473 2814 1606 2847 dictum
1625 2820 1678 2848 est

141 2865 188 2909 (p.
208 2867 264 2898 44.
284 2865 355 2909 45).
393 2865 576 2899 Praeclara
593 2879 661 2901 vox
678 2869 764 2903 haec
776 2870 969 2914 propedula
987 2869 1106 2903 dacica
1124 2872 1279 2903 servata!
