<?xml version="1.0" encoding="UTF-8"?>
<!DOCTYPE html PUBLIC "-//W3C//DTD XHTML 1.0 Transitional//EN"
    "http://www.w3.org/TR/xhtml1/DTD/xhtml1-transitional.dtd">
<html xmlns="http://www.w3.org/1999/xhtml" xml:lang="en" lang="en">
 <head>
  <title>
</title>
<meta http-equiv="Content-Type" content="text/html;charset=utf-8" />
  <meta name='ocr-system' content='tesseract 3.04.00' />
  <meta name='ocr-capabilities' content='ocr_page ocr_carea ocr_par ocr_line ocrx_word'/>
</head>
<body>
  <div class='ocr_page' id='page_1' title='image "./grammaticaceltic01zeusuoft_0487.png"; bbox 0 0 1897 3072; ppageno 0'>
   <div class='ocr_carea' id='block_1_1' title="bbox 383 120 1696 161">
    <p class='ocr_par' dir='ltr' id='par_1_1' title="bbox 383 120 1696 161">
     <span class='ocr_line' id='line_1_1' title="bbox 383 120 1696 161; baseline 0 -2"><span class='ocrx_word' id='word_1_1' title='bbox 383 120 470 159; x_wconf 91' lang='lat' dir='ltr'>III.</span> <span class='ocrx_word' id='word_1_2' title='bbox 501 123 538 158; x_wconf 93' lang='grc'>1.</span> <span class='ocrx_word' id='word_1_3' title='bbox 601 132 876 160; x_wconf 82' lang='lat' dir='ltr'><strong>PARTICULAE</strong></span> <span class='ocrx_word' id='word_1_4' title='bbox 897 132 1120 160; x_wconf 83' lang='lat' dir='ltr'><strong>VERBALES</strong></span> <span class='ocrx_word' id='word_1_5' title='bbox 1143 133 1456 161; x_wconf 73' lang='lat' dir='ltr'>BRITANNICAE.</span> <span class='ocrx_word' id='word_1_6' title='bbox 1613 122 1696 160; x_wconf 82' lang='lat'>425</span> 
     </span>
    </p>
   </div>
   <div class='ocr_carea' id='block_1_2' title="bbox 137 230 1702 2860">
    <p class='ocr_par' dir='ltr' id='par_1_2' title="bbox 148 230 1700 703">
     <span class='ocr_line' id='line_1_2' title="bbox 262 230 1696 286; baseline 0.001 -15"><span class='ocrx_word' id='word_1_7' title='bbox 262 230 443 271; x_wconf 85' lang='lat' dir='ltr'>Pellitur</span> <span class='ocrx_word' id='word_1_8' title='bbox 473 238 650 284; x_wconf 87' lang='lat' dir='ltr'>utraque</span> <span class='ocrx_word' id='word_1_9' title='bbox 678 231 884 285; x_wconf 89' lang='lat' dir='ltr'>particula</span> <span class='ocrx_word' id='word_1_10' title='bbox 914 245 938 272; x_wconf 89' lang='lat' dir='ltr'>a</span> <span class='ocrx_word' id='word_1_11' title='bbox 967 231 1173 285; x_wconf 79' lang='lat' dir='ltr'>negativis</span> <span class='ocrx_word' id='word_1_12' title='bbox 1205 231 1346 281; x_wconf 82' lang='lat' dir='ltr'>etiam,</span> <span class='ocrx_word' id='word_1_13' title='bbox 1373 232 1408 272; x_wconf 85' lang='lat' dir='ltr'>si</span> <span class='ocrx_word' id='word_1_14' title='bbox 1429 233 1583 273; x_wconf 83' lang='lat' dir='ltr'>adsunt</span> <span class='ocrx_word' id='word_1_15' title='bbox 1602 246 1696 286; x_wconf 87' lang='lat' dir='ltr'>pro-</span> 
     </span>
     <span class='ocr_line' id='line_1_3' title="bbox 148 300 1700 356; baseline 0.001 -16"><span class='ocrx_word' id='word_1_16' title='bbox 148 300 322 340; x_wconf 83' lang='lat' dir='ltr'>nomina</span> <span class='ocrx_word' id='word_1_17' title='bbox 352 300 587 354; x_wconf 87' lang='lat' dir='ltr'>infigenda:</span> <span class='ocrx_word' id='word_1_18' title='bbox 624 315 723 356; x_wconf 75' lang='lat' dir='ltr'>nym</span> <span class='ocrx_word' id='word_1_19' title='bbox 751 301 848 341; x_wconf 70' lang='lat' dir='ltr'>rodi</span> <span class='ocrx_word' id='word_1_20' title='bbox 871 316 1010 355; x_wconf 76' lang='lat' dir='ltr'>ymzezc</span> <span class='ocrx_word' id='word_1_21' title='bbox 1039 308 1216 356; x_wconf 69' lang='lat' dir='ltr'>vynntat</span> <span class='ocrx_word' id='word_1_22' title='bbox 1237 304 1341 354; x_wconf 86' lang='lat' dir='ltr'>(non</span> <span class='ocrx_word' id='word_1_23' title='bbox 1373 317 1440 343; x_wconf 85' lang='lat' dir='ltr'>me</span> <span class='ocrx_word' id='word_1_24' title='bbox 1462 304 1559 342; x_wconf 85' lang='lat' dir='ltr'>dare</span> <span class='ocrx_word' id='word_1_25' title='bbox 1579 309 1700 356; x_wconf 86' lang='lat' dir='ltr'>pater</span> 
     </span>
     <span class='ocr_line' id='line_1_4' title="bbox 149 371 1699 426; baseline 0.002 -17"><span class='ocrx_word' id='word_1_26' title='bbox 149 385 266 410; x_wconf 88' lang='lat' dir='ltr'>meus</span> <span class='ocrx_word' id='word_1_27' title='bbox 298 371 449 423; x_wconf 80' lang='lat' dir='ltr'>voluit)</span> <span class='ocrx_word' id='word_1_28' title='bbox 481 372 597 411; x_wconf 83' lang='lat' dir='ltr'>Mab.</span> <span class='ocrx_word' id='word_1_29' title='bbox 628 376 664 420; x_wconf 86' lang='lat'>1,</span> <span class='ocrx_word' id='word_1_30' title='bbox 693 375 788 410; x_wconf 83' lang='lat'>252.</span> <span class='ocrx_word' id='word_1_31' title='bbox 819 371 1055 425; x_wconf 73' lang='lat' dir='ltr'>yorclercha</span> <span class='ocrx_word' id='word_1_32' title='bbox 1083 371 1142 411; x_wconf 67' lang='lat' dir='ltr'>lcz&#39;.</span> <span class='ocrx_word' id='word_1_33' title='bbox 1178 371 1263 425; x_wconf 61' lang='lat' dir='ltr'>hyn</span> <span class='ocrx_word' id='word_1_34' title='bbox 1293 372 1396 426; x_wconf 62' lang='lat' dir='ltr'>myth</span> <span class='ocrx_word' id='word_1_35' title='bbox 1420 387 1555 426; x_wconf 69' lang='lat' dir='ltr'>vymzo</span> <span class='ocrx_word' id='word_1_36' title='bbox 1587 374 1699 424; x_wconf 77' lang='lat' dir='ltr'>(ama</span> 
     </span>
     <span class='ocr_line' id='line_1_5' title="bbox 149 440 1695 495; baseline 0 -16"><span class='ocrx_word' id='word_1_37' title='bbox 149 455 255 488; x_wconf 87' lang='lat' dir='ltr'>eam,</span> <span class='ocrx_word' id='word_1_38' title='bbox 283 440 447 480; x_wconf 88' lang='lat' dir='ltr'>etiarnsi</span> <span class='ocrx_word' id='word_1_39' title='bbox 475 448 515 480; x_wconf 85' lang='lat' dir='ltr'>te</span> <span class='ocrx_word' id='word_1_40' title='bbox 544 441 746 493; x_wconf 89' lang='lat' dir='ltr'>noluerit)</span> <span class='ocrx_word' id='word_1_41' title='bbox 774 446 809 489; x_wconf 91' lang='lat'>1,</span> <span class='ocrx_word' id='word_1_42' title='bbox 838 445 932 480; x_wconf 58' lang='lat'>235.</span> <span class='ocrx_word' id='word_1_43' title='bbox 965 441 1068 495; x_wconf 64' lang='lat' dir='ltr'>myth</span> <span class='ocrx_word' id='word_1_44' title='bbox 1087 442 1254 495; x_wconf 71' lang='lat' dir='ltr'>yreclaf</span> <span class='ocrx_word' id='word_1_45' title='bbox 1267 443 1370 493; x_wconf 86' lang='lat' dir='ltr'>(non</span> <span class='ocrx_word' id='word_1_46' title='bbox 1393 442 1513 481; x_wconf 85' lang='lat' dir='ltr'>credo</span> <span class='ocrx_word' id='word_1_47' title='bbox 1537 441 1631 493; x_wconf 90' lang='lat' dir='ltr'>tibi)</span> <span class='ocrx_word' id='word_1_48' title='bbox 1658 446 1695 490; x_wconf 90' lang='lat'>1,</span> 
     </span>
     <span class='ocr_line' id='line_1_6' title="bbox 150 510 1699 564; baseline 0.001 -17"><span class='ocrx_word' id='word_1_49' title='bbox 150 513 245 548; x_wconf 67' lang='grc'>240.</span> <span class='ocrx_word' id='word_1_50' title='bbox 271 510 350 562; x_wconf 72' lang='lat' dir='ltr'>pei</span> <span class='ocrx_word' id='word_1_51' title='bbox 377 524 476 550; x_wconf 72' lang='lat' dir='ltr'>nam</span> <span class='ocrx_word' id='word_1_52' title='bbox 494 511 745 564; x_wconf 72' lang='lat' dir='ltr'>yoycmezcch</span> <span class='ocrx_word' id='word_1_53' title='bbox 766 510 827 551; x_wconf 79' lang='lat' dir='ltr'>mi</span> <span class='ocrx_word' id='word_1_54' title='bbox 846 525 871 550; x_wconf 76' lang='grc' dir='ltr'>(ι</span> <span class='ocrx_word' id='word_1_55' title='bbox 889 510 1063 564; x_wconf 72' lang='lat' dir='ltr'>yyskzcn</span> <span class='ocrx_word' id='word_1_56' title='bbox 1089 511 1143 562; x_wconf 91' lang='lat' dir='ltr'>(si</span> <span class='ocrx_word' id='word_1_57' title='bbox 1164 525 1229 550; x_wconf 88' lang='lat' dir='ltr'>1ne</span> <span class='ocrx_word' id='word_1_58' title='bbox 1250 526 1337 551; x_wconf 90' lang='lat' dir='ltr'>non</span> <span class='ocrx_word' id='word_1_59' title='bbox 1360 511 1596 559; x_wconf 85' lang='lat' dir='ltr'>turbaretis,</span> <span class='ocrx_word' id='word_1_60' title='bbox 1623 525 1699 563; x_wconf 83' lang='lat' dir='ltr'>ego</span> 
     </span>
     <span class='ocr_line' id='line_1_7' title="bbox 151 580 1700 634; baseline 0 -15"><span class='ocrx_word' id='word_1_61' title='bbox 151 580 392 632; x_wconf 82' lang='lat' dir='ltr'>dormirem)</span> <span class='ocrx_word' id='word_1_62' title='bbox 419 585 455 629; x_wconf 90' lang='lat'>1,</span> <span class='ocrx_word' id='word_1_63' title='bbox 483 584 521 619; x_wconf 86' lang='lat'>2.</span> <span class='ocrx_word' id='word_1_64' title='bbox 566 582 724 621; x_wconf 80' lang='lat' dir='ltr'>Contra</span> <span class='ocrx_word' id='word_1_65' title='bbox 755 588 851 633; x_wconf 90' lang='lat' dir='ltr'>post</span> <span class='ocrx_word' id='word_1_66' title='bbox 882 580 1199 633; x_wconf 85' lang='lat' dir='ltr'>conjunctiones</span> <span class='ocrx_word' id='word_1_67' title='bbox 1219 595 1333 633; x_wconf 73' lang='lat' dir='ltr'>pan,</span> <span class='ocrx_word' id='word_1_68' title='bbox 1360 582 1438 634; x_wconf 74' lang='lat' dir='ltr'>pei</span> <span class='ocrx_word' id='word_1_69' title='bbox 1465 589 1700 634; x_wconf 84' lang='lat' dir='ltr'>sequuntur</span> 
     </span>
     <span class='ocr_line' id='line_1_8' title="bbox 148 649 1153 703; baseline 0 -14"><span class='ocrx_word' id='word_1_70' title='bbox 148 649 236 703; x_wconf 75' lang='lat' dir='ltr'>yth,</span> <span class='ocrx_word' id='word_1_71' title='bbox 263 649 350 698; x_wconf 68' lang='lat' dir='ltr'>alle,</span> <span class='ocrx_word' id='word_1_72' title='bbox 377 665 424 689; x_wconf 78' lang='lat' dir='ltr'>as</span> <span class='ocrx_word' id='word_1_73' title='bbox 446 650 490 689; x_wconf 90' lang='lat' dir='ltr'>in</span> <span class='ocrx_word' id='word_1_74' title='bbox 513 665 638 703; x_wconf 87' lang='lat' dir='ltr'>supra</span> <span class='ocrx_word' id='word_1_75' title='bbox 660 649 913 690; x_wconf 78' lang='lat' dir='ltr'>enumeratis</span> <span class='ocrx_word' id='word_1_76' title='bbox 936 650 1153 703; x_wconf 84' lang='lat' dir='ltr'>exemplis.</span> 
     </span>
    </p>

    <p class='ocr_par' dir='ltr' id='par_1_3' title="bbox 145 719 1702 1325">
     <span class='ocr_line' id='line_1_9' title="bbox 260 719 1694 773; baseline 0.001 -15"><span class='ocrx_word' id='word_1_77' title='bbox 260 720 429 759; x_wconf 80' lang='lat' dir='ltr'>Desunt</span> <span class='ocrx_word' id='word_1_78' title='bbox 456 720 685 773; x_wconf 78' lang='lat' dir='ltr'>particulae</span> <span class='ocrx_word' id='word_1_79' title='bbox 713 719 899 759; x_wconf 84' lang='lat' dir='ltr'>verbales</span> <span class='ocrx_word' id='word_1_80' title='bbox 930 719 1031 758; x_wconf 88' lang='lat' dir='ltr'>item</span> <span class='ocrx_word' id='word_1_81' title='bbox 1062 719 1107 757; x_wconf 85' lang='lat' dir='ltr'>in</span> <span class='ocrx_word' id='word_1_82' title='bbox 1128 719 1406 772; x_wconf 84' lang='lat' dir='ltr'>positionibus</span> <span class='ocrx_word' id='word_1_83' title='bbox 1429 720 1694 773; x_wconf 87' lang='lat' dir='ltr'>quibusdam,</span> 
     </span>
     <span class='ocr_line' id='line_1_10' title="bbox 149 788 1698 841; baseline 0 -13"><span class='ocrx_word' id='word_1_84' title='bbox 149 788 337 841; x_wconf 63' lang='lat' dir='ltr'>quamvis</span> <span class='ocrx_word' id='word_1_85' title='bbox 359 803 445 828; x_wconf 89' lang='lat' dir='ltr'>non</span> <span class='ocrx_word' id='word_1_86' title='bbox 467 789 607 828; x_wconf 84' lang='lat' dir='ltr'>adsint</span> <span class='ocrx_word' id='word_1_87' title='bbox 629 789 763 828; x_wconf 88' lang='lat' dir='ltr'>dictae</span> <span class='ocrx_word' id='word_1_88' title='bbox 784 788 1029 841; x_wconf 75' lang='lat' dir='ltr'>particulae,</span> <span class='ocrx_word' id='word_1_89' title='bbox 1051 802 1086 827; x_wconf 90' lang='grc'>0.</span> <span class='ocrx_word' id='word_1_90' title='bbox 1107 802 1170 841; x_wconf 81' lang='lat' dir='ltr'>gr.</span> <span class='ocrx_word' id='word_1_91' title='bbox 1196 796 1292 828; x_wconf 85' lang='lat' dir='ltr'>ante</span> <span class='ocrx_word' id='word_1_92' title='bbox 1314 791 1488 829; x_wconf 86' lang='lat' dir='ltr'>verbum</span> <span class='ocrx_word' id='word_1_93' title='bbox 1505 791 1698 830; x_wconf 85' lang='lat' dir='ltr'>substan·</span> 
     </span>
     <span class='ocr_line' id='line_1_11' title="bbox 147 857 1698 911; baseline 0.001 -14"><span class='ocrx_word' id='word_1_94' title='bbox 147 858 305 906; x_wconf 76' lang='lat' dir='ltr'>tivum,</span> <span class='ocrx_word' id='word_1_95' title='bbox 341 857 375 896; x_wconf 82' lang='lat' dir='ltr'>si</span> <span class='ocrx_word' id='word_1_96' title='bbox 402 858 613 910; x_wconf 85' lang='lat' dir='ltr'>praecedit</span> <span class='ocrx_word' id='word_1_97' title='bbox 640 857 950 910; x_wconf 87' lang='lat' dir='ltr'>praedicatum:</span> <span class='ocrx_word' id='word_1_98' title='bbox 988 858 1102 897; x_wconf 71' lang='lat' dir='ltr'>Ieme-l</span> <span class='ocrx_word' id='word_1_99' title='bbox 1131 858 1232 911; x_wconf 70' lang='lat' dir='ltr'>tcyfi</span> <span class='ocrx_word' id='word_1_100' title='bbox 1261 859 1447 909; x_wconf 79' lang='lat' dir='ltr'>(Luneta</span> <span class='ocrx_word' id='word_1_101' title='bbox 1477 874 1553 911; x_wconf 76' lang='lat' dir='ltr'>ego</span> <span class='ocrx_word' id='word_1_102' title='bbox 1586 862 1698 911; x_wconf 87' lang='lat' dir='ltr'>sum)</span> 
     </span>
     <span class='ocr_line' id='line_1_12' title="bbox 147 926 1702 981; baseline 0 -14"><span class='ocrx_word' id='word_1_103' title='bbox 147 928 266 967; x_wconf 83' lang='lat' dir='ltr'>Mab.</span> <span class='ocrx_word' id='word_1_104' title='bbox 297 932 333 975; x_wconf 91' lang='lat'>1,</span> <span class='ocrx_word' id='word_1_105' title='bbox 362 931 428 966; x_wconf 88' lang='grc'>31.</span> <span class='ocrx_word' id='word_1_106' title='bbox 466 926 568 967; x_wconf 66' lang='lat' dir='ltr'>tebe&#39;c</span> <span class='ocrx_word' id='word_1_107' title='bbox 601 928 678 966; x_wconf 81' lang='lat' dir='ltr'>oed</span> <span class='ocrx_word' id='word_1_108' title='bbox 697 928 810 977; x_wconf 82' lang='lat' dir='ltr'>(vero</span> <span class='ocrx_word' id='word_1_109' title='bbox 834 927 968 966; x_wconf 85' lang='lat' dir='ltr'>simile</span> <span class='ocrx_word' id='word_1_110' title='bbox 998 932 1124 979; x_wconf 87' lang='lat' dir='ltr'>esset)</span> <span class='ocrx_word' id='word_1_111' title='bbox 1152 931 1188 975; x_wconf 87' lang='lat'>1,</span> <span class='ocrx_word' id='word_1_112' title='bbox 1216 930 1311 966; x_wconf 74' lang='lat'>247.</span> <span class='ocrx_word' id='word_1_113' title='bbox 1345 928 1543 981; x_wconf 74' lang='lat' dir='ltr'>yspez&#39;lwr</span> <span class='ocrx_word' id='word_1_114' title='bbox 1564 942 1662 968; x_wconf 71' lang='lat' dir='ltr'>uum</span> <span class='ocrx_word' id='word_1_115' title='bbox 1684 928 1702 967; x_wconf 76' lang='lat' dir='ltr'>i</span> 
     </span>
     <span class='ocr_line' id='line_1_13' title="bbox 146 996 1698 1050; baseline 0.001 -14"><span class='ocrx_word' id='word_1_116' title='bbox 146 997 364 1050; x_wconf 81' lang='lat' dir='ltr'>(spoliator</span> <span class='ocrx_word' id='word_1_117' title='bbox 395 997 474 1050; x_wconf 86' lang='lat' dir='ltr'>fui)</span> <span class='ocrx_word' id='word_1_118' title='bbox 501 1001 537 1046; x_wconf 87' lang='lat'>1,</span> <span class='ocrx_word' id='word_1_119' title='bbox 566 1002 633 1036; x_wconf 79' lang='lat'>37.</span> <span class='ocrx_word' id='word_1_120' title='bbox 669 996 818 1036; x_wconf 76' lang='lat' dir='ltr'>llawen</span> <span class='ocrx_word' id='word_1_121' title='bbox 849 1001 982 1036; x_wconf 54' lang='lat' dir='ltr'>‘necant</span> <span class='ocrx_word' id='word_1_122' title='bbox 1004 996 1121 1047; x_wconf 87' lang='lat' dir='ltr'>(laeti</span> <span class='ocrx_word' id='word_1_123' title='bbox 1149 996 1339 1050; x_wconf 88' lang='lat' dir='ltr'>fuerunt)</span> <span class='ocrx_word' id='word_1_124' title='bbox 1367 1003 1402 1046; x_wconf 87' lang='lat'>1,</span> <span class='ocrx_word' id='word_1_125' title='bbox 1431 1000 1525 1036; x_wconf 83' lang='lat'>262.</span> <span class='ocrx_word' id='word_1_126' title='bbox 1561 997 1698 1037; x_wconf 60' lang='grc' dir='ltr'><em>Παπε-</em></span> 
     </span>
     <span class='ocr_line' id='line_1_14' title="bbox 145 1066 1698 1122; baseline -0.001 -15"><span class='ocrx_word' id='word_1_127' title='bbox 145 1068 253 1108; x_wconf 68' lang='grc' dir='ltr'><em>φιασῖι</em></span> <span class='ocrx_word' id='word_1_128' title='bbox 275 1073 419 1122; x_wconf 67' lang='lat' dir='ltr'>uuecyt</span> <span class='ocrx_word' id='word_1_129' title='bbox 437 1083 463 1121; x_wconf 87' lang='lat' dir='ltr'>y</span> <span class='ocrx_word' id='word_1_130' title='bbox 486 1082 558 1107; x_wconf 74' lang='lat'>7203</span> <span class='ocrx_word' id='word_1_131' title='bbox 580 1067 716 1106; x_wconf 77' lang='lat' dir='ltr'>lwmzo</span> <span class='ocrx_word' id='word_1_132' title='bbox 737 1080 814 1105; x_wconf 74' lang='lat'><em>7207·</em></span> <span class='ocrx_word' id='word_1_133' title='bbox 835 1081 908 1105; x_wconf 75' lang='lat'>7208</span> <span class='ocrx_word' id='word_1_134' title='bbox 927 1071 1033 1120; x_wconf 60' lang='lat' dir='ltr'>{synt</span> <span class='ocrx_word' id='word_1_135' title='bbox 1050 1066 1218 1117; x_wconf 85' lang='lat' dir='ltr'>(laetius</span> <span class='ocrx_word' id='word_1_136' title='bbox 1239 1066 1319 1106; x_wconf 82' lang='lat' dir='ltr'>fuit</span> <span class='ocrx_word' id='word_1_137' title='bbox 1337 1067 1414 1106; x_wconf 91' lang='lat' dir='ltr'>hac</span> <span class='ocrx_word' id='word_1_138' title='bbox 1431 1076 1553 1106; x_wconf 85' lang='lat' dir='ltr'>nocte</span> <span class='ocrx_word' id='word_1_139' title='bbox 1571 1082 1698 1120; x_wconf 86' lang='lat' dir='ltr'>quam</span> 
     </span>
     <span class='ocr_line' id='line_1_15' title="bbox 145 1135 1698 1189; baseline -0.001 -13"><span class='ocrx_word' id='word_1_140' title='bbox 145 1145 267 1177; x_wconf 85' lang='lat' dir='ltr'>nocte</span> <span class='ocrx_word' id='word_1_141' title='bbox 289 1139 430 1189; x_wconf 85' lang='lat' dir='ltr'>antea)</span> <span class='ocrx_word' id='word_1_142' title='bbox 457 1141 493 1185; x_wconf 83' lang='lat'>1,</span> <span class='ocrx_word' id='word_1_143' title='bbox 523 1141 588 1175; x_wconf 88' lang='grc'>10.</span> <span class='ocrx_word' id='word_1_144' title='bbox 610 1149 702 1189; x_wconf 76' lang='lat' dir='ltr'>ywr</span> <span class='ocrx_word' id='word_1_145' title='bbox 723 1135 833 1175; x_wconf 72' lang='lat' dir='ltr'>idam</span> <span class='ocrx_word' id='word_1_146' title='bbox 855 1137 998 1189; x_wconf 54' lang='lat' dir='ltr'>*cyclaf</span> <span class='ocrx_word' id='word_1_147' title='bbox 1014 1136 1213 1187; x_wconf 77' lang='lat' dir='ltr'>(vasallus</span> <span class='ocrx_word' id='word_1_148' title='bbox 1236 1136 1274 1175; x_wconf 88' lang='grc'>01</span> <span class='ocrx_word' id='word_1_149' title='bbox 1295 1138 1380 1188; x_wconf 87' lang='grc'>010)</span> <span class='ocrx_word' id='word_1_150' title='bbox 1408 1141 1444 1185; x_wconf 93' lang='grc'>1,</span> <span class='ocrx_word' id='word_1_151' title='bbox 1473 1141 1568 1176; x_wconf 74' lang='grc'>243.</span> <span class='ocrx_word' id='word_1_152' title='bbox 1612 1136 1698 1176; x_wconf 66' lang='lat' dir='ltr'>Vix</span> 
     </span>
     <span class='ocr_line' id='line_1_16' title="bbox 146 1204 1697 1259; baseline -0.001 -13"><span class='ocrx_word' id='word_1_153' title='bbox 146 1207 266 1246; x_wconf 86' lang='lat' dir='ltr'>aliter</span> <span class='ocrx_word' id='word_1_154' title='bbox 287 1206 331 1246; x_wconf 89' lang='lat' dir='ltr'>in</span> <span class='ocrx_word' id='word_1_155' title='bbox 352 1207 430 1246; x_wconf 92' lang='lat' dir='ltr'>hac</span> <span class='ocrx_word' id='word_1_156' title='bbox 452 1205 722 1245; x_wconf 77' lang='lat' dir='ltr'>collocatione</span> <span class='ocrx_word' id='word_1_157' title='bbox 732 1221 743 1252; x_wconf 77' lang='lat'><em>3</em></span> <span class='ocrx_word' id='word_1_158' title='bbox 769 1204 814 1244; x_wconf 90' lang='lat' dir='ltr'>in</span> <span class='ocrx_word' id='word_1_159' title='bbox 835 1205 927 1245; x_wconf 86' lang='lat' dir='ltr'>aliis</span> <span class='ocrx_word' id='word_1_160' title='bbox 950 1213 1046 1246; x_wconf 85' lang='lat' dir='ltr'>ante</span> <span class='ocrx_word' id='word_1_161' title='bbox 1068 1205 1180 1245; x_wconf 86' lang='lat' dir='ltr'>idem</span> <span class='ocrx_word' id='word_1_162' title='bbox 1200 1207 1375 1245; x_wconf 82' lang='lat' dir='ltr'>verbum</span> <span class='ocrx_word' id='word_1_163' title='bbox 1395 1207 1550 1246; x_wconf 84' lang='lat' dir='ltr'>adsunt</span> <span class='ocrx_word' id='word_1_164' title='bbox 1570 1205 1697 1259; x_wconf 88' lang='lat' dir='ltr'>parti-</span> 
     </span>
     <span class='ocr_line' id='line_1_17' title="bbox 145 1275 920 1325; baseline 0 -10"><span class='ocrx_word' id='word_1_165' title='bbox 145 1276 278 1325; x_wconf 83' lang='lat' dir='ltr'>culae,</span> <span class='ocrx_word' id='word_1_166' title='bbox 303 1276 422 1316; x_wconf 88' lang='lat' dir='ltr'>facile</span> <span class='ocrx_word' id='word_1_167' title='bbox 445 1283 585 1315; x_wconf 89' lang='lat' dir='ltr'>tamen</span> <span class='ocrx_word' id='word_1_168' title='bbox 607 1275 733 1315; x_wconf 89' lang='lat' dir='ltr'>etiam</span> <span class='ocrx_word' id='word_1_169' title='bbox 754 1275 920 1317; x_wconf 81' lang='lat' dir='ltr'>desunt.</span> 
     </span>
    </p>

    <p class='ocr_par' dir='ltr' id='par_1_4' title="bbox 145 1345 1696 1455">
     <span class='ocr_line' id='line_1_18' title="bbox 259 1345 1696 1399; baseline -0.001 -13"><span class='ocrx_word' id='word_1_170' title='bbox 259 1345 483 1386; x_wconf 87' lang='lat' dir='ltr'>Cornica</span> <span class='ocrx_word' id='word_1_171' title='bbox 515 1345 718 1384; x_wconf 88' lang='lat' dir='ltr'>dialectus</span> <span class='ocrx_word' id='word_1_172' title='bbox 748 1345 793 1384; x_wconf 89' lang='lat' dir='ltr'>in</span> <span class='ocrx_word' id='word_1_173' title='bbox 825 1345 1042 1399; x_wconf 86' lang='lat' dir='ltr'>particulis</span> <span class='ocrx_word' id='word_1_174' title='bbox 1073 1345 1308 1385; x_wconf 75' lang='lat' dir='ltr'>verbalibus</span> <span class='ocrx_word' id='word_1_175' title='bbox 1330 1345 1580 1398; x_wconf 85' lang='lat' dir='ltr'>generaliter</span> <span class='ocrx_word' id='word_1_176' title='bbox 1600 1360 1696 1385; x_wconf 90' lang='lat' dir='ltr'>con-</span> 
     </span>
     <span class='ocr_line' id='line_1_19' title="bbox 145 1414 646 1455; baseline -0.004 0"><span class='ocrx_word' id='word_1_177' title='bbox 145 1416 288 1455; x_wconf 90' lang='lat' dir='ltr'>cordat</span> <span class='ocrx_word' id='word_1_178' title='bbox 309 1429 406 1454; x_wconf 88' lang='lat' dir='ltr'>cum</span> <span class='ocrx_word' id='word_1_179' title='bbox 426 1414 646 1454; x_wconf 87' lang='lat' dir='ltr'>cambrica.</span> 
     </span>
    </p>

    <p class='ocr_par' dir='ltr' id='par_1_5' title="bbox 137 1483 1697 2372">
     <span class='ocr_line' id='line_1_20' title="bbox 257 1483 1696 1539; baseline 0.001 -16"><span class='ocrx_word' id='word_1_180' title='bbox 257 1484 338 1524; x_wconf 85' lang='lat' dir='ltr'>RE</span> <span class='ocrx_word' id='word_1_181' title='bbox 359 1483 487 1524; x_wconf 80' lang='lat' dir='ltr'>index</span> <span class='ocrx_word' id='word_1_182' title='bbox 507 1484 736 1537; x_wconf 87' lang='lat' dir='ltr'>praeteriti.</span> <span class='ocrx_word' id='word_1_183' title='bbox 782 1484 1002 1524; x_wconf 88' lang='lat' dir='ltr'>Primarii:</span> <span class='ocrx_word' id='word_1_184' title='bbox 1032 1486 1198 1525; x_wconf 60' lang='grc' dir='ltr'>(ἵν-077133</span> <span class='ocrx_word' id='word_1_185' title='bbox 1221 1486 1295 1525; x_wconf 68' lang='lat' dir='ltr'>neb</span> <span class='ocrx_word' id='word_1_186' title='bbox 1317 1499 1363 1525; x_wconf 74' lang='lat' dir='ltr'>re</span> <span class='ocrx_word' id='word_1_187' title='bbox 1384 1485 1510 1524; x_wconf 52' lang='grc' dir='ltr'>10ονΐῆ</span> <span class='ocrx_word' id='word_1_188' title='bbox 1515 1499 1563 1539; x_wconf 79' lang='lat' dir='ltr'>ys</span> <span class='ocrx_word' id='word_1_189' title='bbox 1586 1486 1696 1538; x_wconf 78' lang='lat' dir='ltr'>(pro-</span> 
     </span>
     <span class='ocr_line' id='line_1_21' title="bbox 145 1553 1697 1609; baseline -0.001 -15"><span class='ocrx_word' id='word_1_190' title='bbox 145 1556 224 1594; x_wconf 85' lang='lat' dir='ltr'>bus</span> <span class='ocrx_word' id='word_1_191' title='bbox 254 1553 317 1593; x_wconf 89' lang='lat' dir='ltr'>vir</span> <span class='ocrx_word' id='word_1_192' title='bbox 338 1568 463 1606; x_wconf 90' lang='lat' dir='ltr'>quem</span> <span class='ocrx_word' id='word_1_193' title='bbox 484 1554 671 1606; x_wconf 82' lang='lat' dir='ltr'>vendidi)</span> <span class='ocrx_word' id='word_1_194' title='bbox 695 1556 815 1594; x_wconf 86' lang='lat' dir='ltr'>Pass.</span> <span class='ocrx_word' id='word_1_195' title='bbox 846 1558 939 1602; x_wconf 82' lang='lat'>103,</span> <span class='ocrx_word' id='word_1_196' title='bbox 966 1559 1006 1593; x_wconf 76' lang='lat'>4.</span> <span class='ocrx_word' id='word_1_197' title='bbox 1029 1568 1120 1606; x_wconf 76' lang='lat' dir='ltr'>pur</span> <span class='ocrx_word' id='word_1_198' title='bbox 1141 1569 1230 1609; x_wconf 66' lang='lat' dir='ltr'>wyr</span> <span class='ocrx_word' id='word_1_199' title='bbox 1254 1561 1289 1594; x_wconf 71' lang='lat' dir='ltr'>{e</span> <span class='ocrx_word' id='word_1_200' title='bbox 1310 1569 1354 1594; x_wconf 79' lang='lat' dir='ltr'>re</span> <span class='ocrx_word' id='word_1_201' title='bbox 1377 1555 1532 1608; x_wconf 74' lang='lat' dir='ltr'>lererys</span> <span class='ocrx_word' id='word_1_202' title='bbox 1556 1555 1697 1607; x_wconf 84' lang='lat' dir='ltr'>(plene</span> 
     </span>
     <span class='ocr_line' id='line_1_22' title="bbox 145 1623 1692 1677; baseline 0 -14"><span class='ocrx_word' id='word_1_203' title='bbox 145 1638 291 1663; x_wconf 87' lang='lat' dir='ltr'>verum</span> <span class='ocrx_word' id='word_1_204' title='bbox 319 1623 508 1675; x_wconf 77' lang='lat' dir='ltr'>dixisti),</span> <span class='ocrx_word' id='word_1_205' title='bbox 538 1637 658 1677; x_wconf 69' lang='lat' dir='ltr'>yzcyr</span> <span class='ocrx_word' id='word_1_206' title='bbox 689 1637 733 1662; x_wconf 74' lang='lat' dir='ltr'>re</span> <span class='ocrx_word' id='word_1_207' title='bbox 762 1624 910 1676; x_wconf 74' lang='lat' dir='ltr'>yezcsz&#39;s</span> <span class='ocrx_word' id='word_1_208' title='bbox 942 1626 1106 1675; x_wconf 70' lang='lat' dir='ltr'>(verum</span> <span class='ocrx_word' id='word_1_209' title='bbox 1136 1624 1297 1676; x_wconf 78' lang='lat' dir='ltr'>dixisti)</span> <span class='ocrx_word' id='word_1_210' title='bbox 1326 1629 1396 1663; x_wconf 86' lang='lat'>101</span> <span class='ocrx_word' id='word_1_211' title='bbox 1416 1656 1428 1673; x_wconf 92' lang='lat'>,</span> <span class='ocrx_word' id='word_1_212' title='bbox 1458 1629 1493 1663; x_wconf 86' lang='lat'>1.</span> <span class='ocrx_word' id='word_1_213' title='bbox 1524 1628 1626 1672; x_wconf 88' lang='grc'>102,</span> <span class='ocrx_word' id='word_1_214' title='bbox 1653 1629 1692 1663; x_wconf 76' lang='grc'>4.</span> 
     </span>
     <span class='ocr_line' id='line_1_23' title="bbox 137 1692 1697 1748; baseline -0.001 -15"><span class='ocrx_word' id='word_1_215' title='bbox 137 1693 248 1748; x_wconf 68' lang='lat' dir='ltr'>pytlc</span> <span class='ocrx_word' id='word_1_216' title='bbox 269 1707 334 1747; x_wconf 84' lang='lat' dir='ltr'>yw</span> <span class='ocrx_word' id='word_1_217' title='bbox 357 1708 411 1732; x_wconf 79' lang='lat' dir='ltr'>cm</span> <span class='ocrx_word' id='word_1_218' title='bbox 434 1692 541 1732; x_wconf 73' lang='lat' dir='ltr'>(lrok</span> <span class='ocrx_word' id='word_1_219' title='bbox 562 1706 790 1746; x_wconf 73' lang='lat' dir='ltr'>rezeryssys</span> <span class='ocrx_word' id='word_1_220' title='bbox 814 1693 933 1745; x_wconf 84' lang='lat' dir='ltr'>(quid</span> <span class='ocrx_word' id='word_1_221' title='bbox 953 1693 1054 1732; x_wconf 83' lang='lat' dir='ltr'>mali</span> <span class='ocrx_word' id='word_1_222' title='bbox 1074 1693 1209 1733; x_wconf 83' lang='lat' dir='ltr'>fecisti</span> <span class='ocrx_word' id='word_1_223' title='bbox 1223 1694 1252 1746; x_wconf 80' lang='lat'>?)</span> <span class='ocrx_word' id='word_1_224' title='bbox 1276 1699 1369 1742; x_wconf 92' lang='grc'>101,</span> <span class='ocrx_word' id='word_1_225' title='bbox 1392 1699 1431 1732; x_wconf 76' lang='lat'>4.</span> <span class='ocrx_word' id='word_1_226' title='bbox 1457 1692 1611 1733; x_wconf 61' lang='lat' dir='ltr'>hanella</span> <span class='ocrx_word' id='word_1_227' title='bbox 1634 1708 1697 1732; x_wconf 77' lang='lat' dir='ltr'>me</span> 
     </span>
     <span class='ocr_line' id='line_1_24' title="bbox 143 1761 1695 1816; baseline -0.001 -14"><span class='ocrx_word' id='word_1_228' title='bbox 143 1776 190 1802; x_wconf 71' lang='lat' dir='ltr'>re</span> <span class='ocrx_word' id='word_1_229' title='bbox 221 1763 348 1802; x_wconf 76' lang='lat' dir='ltr'>welas</span> <span class='ocrx_word' id='word_1_230' title='bbox 372 1762 467 1810; x_wconf 82' lang='lat' dir='ltr'>(hac</span> <span class='ocrx_word' id='word_1_231' title='bbox 498 1769 620 1802; x_wconf 89' lang='lat' dir='ltr'>nocte</span> <span class='ocrx_word' id='word_1_232' title='bbox 651 1761 755 1813; x_wconf 85' lang='lat' dir='ltr'>vidi)</span> <span class='ocrx_word' id='word_1_233' title='bbox 784 1765 876 1810; x_wconf 81' lang='lat'>123,</span> <span class='ocrx_word' id='word_1_234' title='bbox 904 1767 943 1801; x_wconf 81' lang='lat'>4.</span> <span class='ocrx_word' id='word_1_235' title='bbox 976 1778 1032 1816; x_wconf 70' lang='lat' dir='ltr'>ytz</span> <span class='ocrx_word' id='word_1_236' title='bbox 1055 1763 1154 1816; x_wconf 67' lang='lat' dir='ltr'>02·le</span> <span class='ocrx_word' id='word_1_237' title='bbox 1167 1777 1230 1802; x_wconf 79' lang='lat' dir='ltr'>me</span> <span class='ocrx_word' id='word_1_238' title='bbox 1251 1777 1296 1802; x_wconf 80' lang='lat' dir='ltr'>re</span> <span class='ocrx_word' id='word_1_239' title='bbox 1320 1763 1470 1816; x_wconf 73' lang='lat' dir='ltr'>heyleas</span> <span class='ocrx_word' id='word_1_240' title='bbox 1495 1763 1695 1813; x_wconf 87' lang='lat' dir='ltr'>(multum</span> 
     </span>
     <span class='ocr_line' id='line_1_25' title="bbox 143 1831 1696 1886; baseline -0.001 -15"><span class='ocrx_word' id='word_1_241' title='bbox 143 1831 330 1885; x_wconf 73' lang='lat' dir='ltr'>peccavi)</span> <span class='ocrx_word' id='word_1_242' title='bbox 358 1836 451 1880; x_wconf 75' lang='lat'>104,</span> <span class='ocrx_word' id='word_1_243' title='bbox 480 1835 518 1871; x_wconf 86' lang='lat'>2.</span> <span class='ocrx_word' id='word_1_244' title='bbox 550 1846 605 1871; x_wconf 77' lang='lat' dir='ltr'>cm</span> <span class='ocrx_word' id='word_1_245' title='bbox 633 1846 738 1871; x_wconf 72' lang='lat' dir='ltr'>rena</span> <span class='ocrx_word' id='word_1_246' title='bbox 769 1846 794 1870; x_wconf 85' lang='grc' dir='ltr'><em>α</em></span> <span class='ocrx_word' id='word_1_247' title='bbox 822 1832 888 1885; x_wconf 83' lang='lat' dir='ltr'>yll</span> <span class='ocrx_word' id='word_1_248' title='bbox 916 1832 982 1872; x_wconf 73' lang='lat' dir='ltr'>the</span> <span class='ocrx_word' id='word_1_249' title='bbox 1013 1832 1162 1886; x_wconf 67' lang='lat' dir='ltr'>thysky</span> <span class='ocrx_word' id='word_1_250' title='bbox 1184 1847 1241 1886; x_wconf 69' lang='lat' dir='ltr'>yn</span> <span class='ocrx_word' id='word_1_251' title='bbox 1269 1833 1379 1872; x_wconf 73' lang='lat' dir='ltr'>della</span> <span class='ocrx_word' id='word_1_252' title='bbox 1407 1848 1433 1886; x_wconf 93' lang='lat' dir='ltr'>y</span> <span class='ocrx_word' id='word_1_253' title='bbox 1456 1847 1500 1871; x_wconf 74' lang='lat' dir='ltr'>re</span> <span class='ocrx_word' id='word_1_254' title='bbox 1524 1832 1696 1886; x_wconf 67' lang='lat' dir='ltr'>thyslcas</span> 
     </span>
     <span class='ocr_line' id='line_1_26' title="bbox 144 1900 1695 1954; baseline -0.001 -14"><span class='ocrx_word' id='word_1_255' title='bbox 144 1901 207 1953; x_wconf 88' lang='lat' dir='ltr'>(hi</span> <span class='ocrx_word' id='word_1_256' title='bbox 237 1908 415 1954; x_wconf 89' lang='lat' dir='ltr'>possunt</span> <span class='ocrx_word' id='word_1_257' title='bbox 445 1908 485 1940; x_wconf 89' lang='grc'>10</span> <span class='ocrx_word' id='word_1_258' title='bbox 515 1900 735 1943; x_wconf 84' lang='lat' dir='ltr'>instituere</span> <span class='ocrx_word' id='word_1_259' title='bbox 765 1909 813 1941; x_wconf 87' lang='lat' dir='ltr'>ut</span> <span class='ocrx_word' id='word_1_260' title='bbox 842 1901 922 1954; x_wconf 87' lang='lat' dir='ltr'>ipsi</span> <span class='ocrx_word' id='word_1_261' title='bbox 945 1910 1043 1941; x_wconf 89' lang='lat' dir='ltr'>sunt</span> <span class='ocrx_word' id='word_1_262' title='bbox 1065 1902 1268 1954; x_wconf 81' lang='lat' dir='ltr'>instituti)</span> <span class='ocrx_word' id='word_1_263' title='bbox 1294 1906 1361 1951; x_wconf 66' lang='grc'>80,</span> <span class='ocrx_word' id='word_1_264' title='bbox 1390 1907 1428 1942; x_wconf 82' lang='lat'>3.</span> <span class='ocrx_word' id='word_1_265' title='bbox 1474 1901 1695 1941; x_wconf 85' lang='lat' dir='ltr'>Praeteriti</span> 
     </span>
     <span class='ocr_line' id='line_1_27' title="bbox 144 1970 1694 2025; baseline -0.001 -14"><span class='ocrx_word' id='word_1_266' title='bbox 144 1971 403 2011; x_wconf 86' lang='lat' dir='ltr'>secundarii:</span> <span class='ocrx_word' id='word_1_267' title='bbox 439 1970 595 2010; x_wconf 68' lang='lat' dir='ltr'>edclrelc</span> <span class='ocrx_word' id='word_1_268' title='bbox 624 1985 741 2010; x_wconf 77' lang='lat' dir='ltr'>mear</span> <span class='ocrx_word' id='word_1_269' title='bbox 763 1986 817 2011; x_wconf 81' lang='lat' dir='ltr'>(m</span> <span class='ocrx_word' id='word_1_270' title='bbox 840 1972 1029 2012; x_wconf 64' lang='lat' dir='ltr'>lcmneras</span> <span class='ocrx_word' id='word_1_271' title='bbox 1051 1986 1129 2025; x_wconf 70' lang='lat' dir='ltr'>ray</span> <span class='ocrx_word' id='word_1_272' title='bbox 1152 1987 1206 2012; x_wconf 80' lang='lat' dir='ltr'>cm</span> <span class='ocrx_word' id='word_1_273' title='bbox 1229 1972 1323 2011; x_wconf 78' lang='lat' dir='ltr'>ober</span> <span class='ocrx_word' id='word_1_274' title='bbox 1344 1986 1389 2011; x_wconf 76' lang='lat' dir='ltr'>re</span> <span class='ocrx_word' id='word_1_275' title='bbox 1410 1986 1559 2011; x_wconf 60' lang='lat' dir='ltr'>teresse</span> <span class='ocrx_word' id='word_1_276' title='bbox 1580 1972 1694 2024; x_wconf 77' lang='lat' dir='ltr'>(poc-</span> 
     </span>
     <span class='ocr_line' id='line_1_28' title="bbox 143 2040 1696 2094; baseline -0.001 -15"><span class='ocrx_word' id='word_1_277' title='bbox 143 2040 324 2079; x_wconf 88' lang='lat' dir='ltr'>nitentia</span> <span class='ocrx_word' id='word_1_278' title='bbox 351 2054 505 2093; x_wconf 80' lang='lat' dir='ltr'>magna</span> <span class='ocrx_word' id='word_1_279' title='bbox 536 2054 631 2079; x_wconf 88' lang='lat' dir='ltr'>eum</span> <span class='ocrx_word' id='word_1_280' title='bbox 662 2040 771 2093; x_wconf 86' lang='lat' dir='ltr'>cepit</span> <span class='ocrx_word' id='word_1_281' title='bbox 800 2042 852 2080; x_wconf 92' lang='lat' dir='ltr'>ob</span> <span class='ocrx_word' id='word_1_282' title='bbox 883 2056 987 2094; x_wconf 91' lang='lat' dir='ltr'>opus</span> <span class='ocrx_word' id='word_1_283' title='bbox 1017 2043 1129 2094; x_wconf 90' lang='lat' dir='ltr'>quod</span> <span class='ocrx_word' id='word_1_284' title='bbox 1150 2042 1319 2093; x_wconf 84' lang='lat' dir='ltr'>fecerat)</span> <span class='ocrx_word' id='word_1_285' title='bbox 1344 2044 1439 2089; x_wconf 89' lang='lat'>220,</span> <span class='ocrx_word' id='word_1_286' title='bbox 1468 2045 1506 2080; x_wconf 90' lang='lat'>2.</span> <span class='ocrx_word' id='word_1_287' title='bbox 1550 2041 1696 2094; x_wconf 77' lang='lat' dir='ltr'>Pedyr</span> 
     </span>
     <span class='ocr_line' id='line_1_29' title="bbox 144 2110 1694 2163; baseline 0 -15"><span class='ocrx_word' id='word_1_288' title='bbox 144 2123 170 2148; x_wconf 84' lang='grc' dir='ltr'><em>α</em></span> <span class='ocrx_word' id='word_1_289' title='bbox 192 2110 388 2149; x_wconf 75' lang='lat' dir='ltr'>omclenas</span> <span class='ocrx_word' id='word_1_290' title='bbox 410 2124 465 2163; x_wconf 78' lang='lat' dir='ltr'>yn</span> <span class='ocrx_word' id='word_1_291' title='bbox 488 2124 597 2149; x_wconf 73' lang='lat' dir='ltr'>urna</span> <span class='ocrx_word' id='word_1_292' title='bbox 620 2110 690 2149; x_wconf 79' lang='lat' dir='ltr'>del</span> <span class='ocrx_word' id='word_1_293' title='bbox 707 2110 901 2163; x_wconf 71' lang='lat' dir='ltr'>rebeylese</span> <span class='ocrx_word' id='word_1_294' title='bbox 924 2112 1095 2162; x_wconf 86' lang='lat' dir='ltr'>(Petrus</span> <span class='ocrx_word' id='word_1_295' title='bbox 1117 2111 1220 2150; x_wconf 89' lang='lat' dir='ltr'>abiit</span> <span class='ocrx_word' id='word_1_296' title='bbox 1241 2111 1417 2150; x_wconf 85' lang='lat' dir='ltr'>simulac</span> <span class='ocrx_word' id='word_1_297' title='bbox 1433 2112 1694 2163; x_wconf 84' lang='lat' dir='ltr'>peccaverat)</span> 
     </span>
     <span class='ocr_line' id='line_1_30' title="bbox 146 2178 1694 2234; baseline 0.001 -18"><span class='ocrx_word' id='word_1_298' title='bbox 146 2182 213 2226; x_wconf 80' lang='grc'>86,</span> <span class='ocrx_word' id='word_1_299' title='bbox 236 2182 274 2216; x_wconf 85' lang='grc'>3.</span> <span class='ocrx_word' id='word_1_300' title='bbox 300 2192 354 2217; x_wconf 77' lang='lat' dir='ltr'>(m</span> <span class='ocrx_word' id='word_1_301' title='bbox 379 2178 453 2218; x_wconf 80' lang='lat' dir='ltr'>toll</span> <span class='ocrx_word' id='word_1_302' title='bbox 472 2192 516 2217; x_wconf 80' lang='lat' dir='ltr'>re</span> <span class='ocrx_word' id='word_1_303' title='bbox 537 2192 733 2218; x_wconf 62' lang='lat' dir='ltr'>arcessens</span> <span class='ocrx_word' id='word_1_304' title='bbox 754 2194 780 2232; x_wconf 90' lang='lat' dir='ltr'>y</span> <span class='ocrx_word' id='word_1_305' title='bbox 804 2194 828 2218; x_wconf 84' lang='grc' dir='ltr'><em>α</em></span> <span class='ocrx_word' id='word_1_306' title='bbox 848 2194 981 2233; x_wconf 56' lang='lat' dir='ltr'>‘cyane</span> <span class='ocrx_word' id='word_1_307' title='bbox 1000 2181 1064 2220; x_wconf 72' lang='lat' dir='ltr'>the</span> <span class='ocrx_word' id='word_1_308' title='bbox 1081 2195 1223 2234; x_wconf 70' lang='lat' dir='ltr'>serrye</span> <span class='ocrx_word' id='word_1_309' title='bbox 1241 2180 1445 2229; x_wconf 81' lang='lat' dir='ltr'>&lt;foramen</span> <span class='ocrx_word' id='word_1_310' title='bbox 1463 2180 1574 2232; x_wconf 89' lang='lat' dir='ltr'>quod</span> <span class='ocrx_word' id='word_1_311' title='bbox 1590 2179 1694 2218; x_wconf 86' lang='lat' dir='ltr'>fece-</span> 
     </span>
     <span class='ocr_line' id='line_1_31' title="bbox 144 2247 1695 2302; baseline 0 -16"><span class='ocrx_word' id='word_1_312' title='bbox 144 2256 239 2287; x_wconf 86' lang='lat' dir='ltr'>rant</span> <span class='ocrx_word' id='word_1_313' title='bbox 261 2248 458 2287; x_wconf 75' lang='lat' dir='ltr'>volebant</span> <span class='ocrx_word' id='word_1_314' title='bbox 478 2247 675 2299; x_wconf 82' lang='lat' dir='ltr'>retinere)</span> <span class='ocrx_word' id='word_1_315' title='bbox 702 2253 797 2298; x_wconf 78' lang='grc'>180,</span> <span class='ocrx_word' id='word_1_316' title='bbox 824 2254 863 2288; x_wconf 78' lang='grc'>4.</span> <span class='ocrx_word' id='word_1_317' title='bbox 908 2250 1181 2290; x_wconf 87' lang='lat' dir='ltr'>Combinatae</span> <span class='ocrx_word' id='word_1_318' title='bbox 1202 2249 1430 2302; x_wconf 88' lang='lat' dir='ltr'>particulae</span> <span class='ocrx_word' id='word_1_319' title='bbox 1453 2263 1549 2288; x_wconf 90' lang='lat' dir='ltr'>cum</span> <span class='ocrx_word' id='word_1_320' title='bbox 1570 2248 1695 2286; x_wconf 82' lang='lat' dir='ltr'>verbo</span> 
     </span>
     <span class='ocr_line' id='line_1_32' title="bbox 147 2317 1606 2372; baseline 0.001 -16"><span class='ocrx_word' id='word_1_321' title='bbox 147 2317 410 2357; x_wconf 77' lang='lat' dir='ltr'>substantivo</span> <span class='ocrx_word' id='word_1_322' title='bbox 442 2318 577 2371; x_wconf 70' lang='lat' dir='ltr'>rebye,</span> <span class='ocrx_word' id='word_1_323' title='bbox 602 2318 731 2367; x_wconf 67' lang='lat' dir='ltr'>rebec,</span> <span class='ocrx_word' id='word_1_324' title='bbox 757 2319 878 2359; x_wconf 62' lang='lat' dir='ltr'>rebem</span> <span class='ocrx_word' id='word_1_325' title='bbox 909 2319 1100 2372; x_wconf 89' lang='lat' dir='ltr'>exempla</span> <span class='ocrx_word' id='word_1_326' title='bbox 1128 2319 1238 2359; x_wconf 87' lang='lat' dir='ltr'>infra</span> <span class='ocrx_word' id='word_1_327' title='bbox 1269 2321 1346 2359; x_wconf 91' lang='lat' dir='ltr'>sub</span> <span class='ocrx_word' id='word_1_328' title='bbox 1367 2319 1445 2358; x_wconf 90' lang='lat' dir='ltr'>hoc</span> <span class='ocrx_word' id='word_1_329' title='bbox 1466 2319 1606 2358; x_wconf 85' lang='lat' dir='ltr'>verbo.</span> 
     </span>
    </p>

    <p class='ocr_par' dir='ltr' id='par_1_6' title="bbox 144 2387 1694 2646">
     <span class='ocr_line' id='line_1_33' title="bbox 258 2387 1693 2442; baseline 0 -16"><span class='ocrx_word' id='word_1_330' title='bbox 258 2387 410 2426; x_wconf 87' lang='lat' dir='ltr'>Differt</span> <span class='ocrx_word' id='word_1_331' title='bbox 440 2387 602 2427; x_wconf 87' lang='lat' dir='ltr'>cornica</span> <span class='ocrx_word' id='word_1_332' title='bbox 634 2403 657 2427; x_wconf 89' lang='lat' dir='ltr'>a</span> <span class='ocrx_word' id='word_1_333' title='bbox 687 2388 906 2437; x_wconf 86' lang='lat' dir='ltr'>cambrica,</span> <span class='ocrx_word' id='word_1_334' title='bbox 933 2390 1044 2441; x_wconf 89' lang='lat' dir='ltr'>quod</span> <span class='ocrx_word' id='word_1_335' title='bbox 1073 2403 1305 2442; x_wconf 87' lang='lat' dir='ltr'>pronomen</span> <span class='ocrx_word' id='word_1_336' title='bbox 1326 2388 1465 2441; x_wconf 81' lang='lat' dir='ltr'>infigit</span> <span class='ocrx_word' id='word_1_337' title='bbox 1485 2395 1579 2441; x_wconf 89' lang='lat' dir='ltr'>post</span> <span class='ocrx_word' id='word_1_338' title='bbox 1601 2402 1693 2440; x_wconf 91' lang='lat' dir='ltr'>par-</span> 
     </span>
     <span class='ocr_line' id='line_1_34' title="bbox 147 2455 1694 2512; baseline 0.001 -18"><span class='ocrx_word' id='word_1_339' title='bbox 147 2455 320 2495; x_wconf 87' lang='lat' dir='ltr'>ticulam</span> <span class='ocrx_word' id='word_1_340' title='bbox 335 2471 342 2494; x_wconf 89' lang='lat'>:</span> <span class='ocrx_word' id='word_1_341' title='bbox 355 2471 446 2508; x_wconf 74' lang='lat' dir='ltr'>pm·</span> <span class='ocrx_word' id='word_1_342' title='bbox 463 2463 582 2509; x_wconf 74' lang='lat' dir='ltr'>apert</span> <span class='ocrx_word' id='word_1_343' title='bbox 597 2457 855 2512; x_wconf 71' lang='lat' dir='ltr'>retflmnyas</span> <span class='ocrx_word' id='word_1_344' title='bbox 873 2460 1030 2511; x_wconf 86' lang='lat' dir='ltr'>(aperte</span> <span class='ocrx_word' id='word_1_345' title='bbox 1049 2465 1088 2497; x_wconf 89' lang='lat' dir='ltr'>te</span> <span class='ocrx_word' id='word_1_346' title='bbox 1106 2458 1303 2510; x_wconf 77' lang='lat' dir='ltr'>convicit)</span> <span class='ocrx_word' id='word_1_347' title='bbox 1317 2460 1367 2499; x_wconf 88' lang='lat' dir='ltr'>P.</span> <span class='ocrx_word' id='word_1_348' title='bbox 1388 2462 1455 2506; x_wconf 81' lang='grc'>92,</span> <span class='ocrx_word' id='word_1_349' title='bbox 1473 2461 1511 2496; x_wconf 91' lang='grc'>2.</span> <span class='ocrx_word' id='word_1_350' title='bbox 1531 2473 1556 2511; x_wconf 92' lang='lat' dir='ltr'>y</span> <span class='ocrx_word' id='word_1_351' title='bbox 1565 2471 1694 2510; x_wconf 75' lang='lat' dir='ltr'>pesys</span> 
     </span>
     <span class='ocr_line' id='line_1_35' title="bbox 144 2525 1692 2581; baseline 0.001 -18"><span class='ocrx_word' id='word_1_352' title='bbox 144 2539 221 2577; x_wconf 75' lang='lat' dir='ltr'>ray</span> <span class='ocrx_word' id='word_1_353' title='bbox 250 2540 304 2565; x_wconf 78' lang='lat' dir='ltr'>cm</span> <span class='ocrx_word' id='word_1_354' title='bbox 337 2525 433 2565; x_wconf 62' lang='lat' dir='ltr'>lcetla</span> <span class='ocrx_word' id='word_1_355' title='bbox 465 2541 509 2566; x_wconf 77' lang='lat' dir='ltr'>re</span> <span class='ocrx_word' id='word_1_356' title='bbox 538 2541 613 2566; x_wconf 72' lang='lat' dir='ltr'>ren</span> <span class='ocrx_word' id='word_1_357' title='bbox 645 2541 797 2567; x_wconf 67' lang='lat' dir='ltr'>crozcse</span> <span class='ocrx_word' id='word_1_358' title='bbox 820 2527 970 2579; x_wconf 74' lang='lat' dir='ltr'>(oravit</span> <span class='ocrx_word' id='word_1_359' title='bbox 1000 2541 1074 2580; x_wconf 82' lang='lat' dir='ltr'>pro</span> <span class='ocrx_word' id='word_1_360' title='bbox 1097 2527 1246 2567; x_wconf 85' lang='lat' dir='ltr'>iisdem</span> <span class='ocrx_word' id='word_1_361' title='bbox 1268 2528 1457 2581; x_wconf 80' lang='lat' dir='ltr'>quicum</span> <span class='ocrx_word' id='word_1_362' title='bbox 1478 2527 1692 2566; x_wconf 79' lang='lat' dir='ltr'>crucifixe-</span> 
     </span>
     <span class='ocr_line' id='line_1_36' title="bbox 144 2596 443 2646; baseline 0.007 -14"><span class='ocrx_word' id='word_1_363' title='bbox 144 2596 257 2646; x_wconf 88' lang='lat' dir='ltr'>rant)</span> <span class='ocrx_word' id='word_1_364' title='bbox 285 2599 377 2643; x_wconf 75' lang='lat'>185,</span> <span class='ocrx_word' id='word_1_365' title='bbox 405 2600 443 2634; x_wconf 88' lang='lat'>2.</span> 
     </span>
    </p>

    <p class='ocr_par' dir='ltr' id='par_1_7' title="bbox 138 2664 1692 2860">
     <span class='ocr_line' id='line_1_37' title="bbox 260 2664 1692 2720; baseline 0.001 -18"><span class='ocrx_word' id='word_1_366' title='bbox 260 2664 496 2704; x_wconf 87' lang='lat' dir='ltr'>Particulae</span> <span class='ocrx_word' id='word_1_367' title='bbox 525 2666 709 2706; x_wconf 84' lang='lat' dir='ltr'>verbales</span> <span class='ocrx_word' id='word_1_368' title='bbox 731 2666 949 2719; x_wconf 85' lang='lat' dir='ltr'>positivae.</span> <span class='ocrx_word' id='word_1_369' title='bbox 994 2667 1035 2706; x_wconf 89' lang='lat' dir='ltr'>Y</span> <span class='ocrx_word' id='word_1_370' title='bbox 1057 2674 1154 2707; x_wconf 88' lang='lat' dir='ltr'>ante</span> <span class='ocrx_word' id='word_1_371' title='bbox 1177 2675 1362 2720; x_wconf 83' lang='lat' dir='ltr'>tempora</span> <span class='ocrx_word' id='word_1_372' title='bbox 1382 2664 1600 2720; x_wconf 84' lang='lat' dir='ltr'>primaria:</span> <span class='ocrx_word' id='word_1_373' title='bbox 1635 2679 1692 2718; x_wconf 75' lang='lat' dir='ltr'>yn</span> 
     </span>
     <span class='ocr_line' id='line_1_38' title="bbox 138 2732 1692 2791; baseline 0.001 -20"><span class='ocrx_word' id='word_1_374' title='bbox 138 2732 229 2784; x_wconf 69' lang='lat' dir='ltr'>pub</span> <span class='ocrx_word' id='word_1_375' title='bbox 257 2733 470 2787; x_wconf 72' lang='lat' dir='ltr'>ywytlzreo</span> <span class='ocrx_word' id='word_1_376' title='bbox 501 2750 526 2788; x_wconf 85' lang='lat' dir='ltr'>y</span> <span class='ocrx_word' id='word_1_377' title='bbox 557 2735 648 2775; x_wconf 71' lang='lat' dir='ltr'>cotlz</span> <span class='ocrx_word' id='word_1_378' title='bbox 682 2736 773 2789; x_wconf 67' lang='lat' dir='ltr'>{leys-</span> <span class='ocrx_word' id='word_1_379' title='bbox 801 2736 975 2791; x_wconf 68' lang='lat' dir='ltr'>yortlzye</span> <span class='ocrx_word' id='word_1_380' title='bbox 998 2737 1068 2791; x_wconf 76' lang='lat' dir='ltr'>thy</span> <span class='ocrx_word' id='word_1_381' title='bbox 1092 2739 1147 2776; x_wconf 77' lang='lat' dir='ltr'>dcc</span> <span class='ocrx_word' id='word_1_382' title='bbox 1170 2736 1303 2782; x_wconf 85' lang='grc'>(0111111</span> <span class='ocrx_word' id='word_1_383' title='bbox 1323 2736 1446 2775; x_wconf 87' lang='lat' dir='ltr'>modo</span> <span class='ocrx_word' id='word_1_384' title='bbox 1468 2741 1630 2787; x_wconf 88' lang='lat' dir='ltr'>oportet</span> <span class='ocrx_word' id='word_1_385' title='bbox 1653 2741 1692 2773; x_wconf 86' lang='grc'>10</span> 
     </span>
     <span class='ocr_line' id='line_1_39' title="bbox 146 2801 1692 2860; baseline 0.001 -20"><span class='ocrx_word' id='word_1_386' title='bbox 146 2801 349 2841; x_wconf 86' lang='grc'>1101101310</span> <span class='ocrx_word' id='word_1_387' title='bbox 378 2803 504 2842; x_wconf 84' lang='lat' dir='ltr'>deum</span> <span class='ocrx_word' id='word_1_388' title='bbox 535 2808 674 2855; x_wconf 85' lang='lat' dir='ltr'>tuum)</span> <span class='ocrx_word' id='word_1_389' title='bbox 698 2806 748 2844; x_wconf 91' lang='lat' dir='ltr'>P.</span> <span class='ocrx_word' id='word_1_390' title='bbox 779 2810 851 2853; x_wconf 82' lang='lat'>17,</span> <span class='ocrx_word' id='word_1_391' title='bbox 880 2809 918 2844; x_wconf 88' lang='lat'>2.</span> <span class='ocrx_word' id='word_1_392' title='bbox 957 2820 984 2859; x_wconf 87' lang='lat' dir='ltr'>y</span> <span class='ocrx_word' id='word_1_393' title='bbox 1010 2820 1178 2860; x_wconf 73' lang='lat' dir='ltr'>prmyccs</span> <span class='ocrx_word' id='word_1_394' title='bbox 1213 2804 1355 2845; x_wconf 71' lang='lat' dir='ltr'>Christ</span> <span class='ocrx_word' id='word_1_395' title='bbox 1382 2820 1408 2858; x_wconf 89' lang='lat' dir='ltr'>y</span> <span class='ocrx_word' id='word_1_396' title='bbox 1440 2803 1583 2843; x_wconf 70' lang='lat' dir='ltr'>arlccth</span> <span class='ocrx_word' id='word_1_397' title='bbox 1614 2816 1692 2855; x_wconf 74' lang='lat' dir='ltr'>ray</span> 
     </span>
    </p>
   </div>
  </div>
 </body>
</html>
