1897 3072
790 176 1050 203 PRAEFATIO.
1584 167 1701 204 XVII

142 281 370 327 Coloniae
396 281 743 326 monasterium
770 281 1021 326 Scotorum
1058 296 1102 325 a.
1135 281 1230 325 975
1259 281 1455 325 demum
1491 282 1580 325 sub
1614 282 1698 325 ab—

142 363 254 407 bate
303 360 620 406 Minnborino
668 360 877 421 incepit7
932 366 986 404 ut
1028 364 1191 404 narrat
1233 360 1485 405 Marianus
1528 362 1698 406 Scotus

144 440 320 501 [Pertz.
356 443 398 493 7,
435 442 539 487 555
565 459 572 496 ;
614 440 968 487 vetustissimus
994 444 1157 484 autem
1183 439 1235 484 in
1260 440 1540 501 regionibus
1567 441 1700 486 Rhe-

140 520 279 566 nanis
306 521 544 582 ejusmodi
577 528 841 567 conventus
872 518 1021 564 fuerit
1054 519 1105 563 in
1148 518 1308 564 insula
1340 519 1504 566 Rheni
1547 521 1699 581 ipsius

141 600 560 662 dictaHonaugia,
594 599 938 660 Holienaugia,
970 613 1121 659 prope
1141 599 1540 659 Argentoratum,
1573 601 1700 646 circa

142 696 184 724 a.
220 680 314 725 720
342 681 402 724 ab
428 680 697 725 Adalberto
723 679 942 724 Alsatiae
982 679 1104 722 duce
1130 675 1378 731 fundatus,
1423 679 1508 738 qui
1533 679 1584 724 in
1618 696 1699 725 ve—

141 759 281 804 tustis
319 759 422 820 ejus
457 758 636 804 chartis
674 757 872 804 servatis
917 757 968 802 111
1003 756 1166 801 codice
1203 757 1380 817 scripto
1418 775 1461 803 a.
1516 759 1634 805 1075)
1671 776 1699 804 a

139 838 304 883 Leone
339 837 570 883 canonico
604 837 947 898 Honaugiensi
982 836 1138 897 [editis
1176 837 1236 881 ab
1272 837 1320 882 J.
1362 838 1603 883 Mabillon
1647 838 1699 884 in

139 917 322 963 Annal.
363 917 544 962 ordinis
583 917 631 962 S.
658 916 913 962 Benedicti
951 916 996 968 2,
1039 916 1134 961 695
1162 932 1254 977 sq,¹
1294 916 1472 961 dicitur
1504 919 1700 962 “mona-

140 996 339 1042 sterium
353 996 620 1049 Scotorum,
654 996 856 1042 ecclesia
883 996 1177 1041 Scotorum?
1225 996 1312 1042 Est
1336 996 1464 1041 inter
1489 996 1574 1042 has
1600 1013 1700 1042 una

141 1076 204 1137 [p.
250 1076 363 1122 699.
417 1077 554 1139 700j.
608 1092 705 1136 qua
740 1076 919 1121 Beatus
968 1075 1185 1137 ejusdem
1226 1075 1505 1121 monasterii
1551 1077 1699 1122 abbas

137 1155 280 1216 plura
317 1156 465 1202 donat
495 1158 591 1202 “ad
616 1156 757 1201 illum
790 1156 951 1201 locum
972 1155 1277 1216 praedictum
1302 1161 1350 1201 et
1376 1157 1437 1200 ad
1462 1172 1698 1216 pauperes

139 1242 187 1281 et
211 1236 568 1298 peregrinos
603 1236 809 1298 gentis
838 1236 1207 1281 Scotorum''.
1227 1234 1255 1260 *f
1292 1235 1623 1281 Nominantur
1647 1236 1698 1281 in

137 1316 234 1361 fine
259 1322 451 1376 praeter
476 1316 719 1362 notarium
747 1316 902 1364 Scoti,
943 1331 1150 1374 quorum
1176 1315 1388 1376 dignitas
1415 1315 1699 1376 episcopalis

140 1394 340 1447 dicitur,
387 1396 604 1455 exceptis
637 1398 812 1442 abbate
855 1402 903 1441 et
944 1412 1040 1440 uno
1076 1396 1381 1455 presbytero,
1428 1394 1506 1440 hi:
1564 1395 1698 1457 “Ego

147 1475 492 1520 lVellimanmts
516 1480 711 1536 rogatus
738 1475 906 1535 scripsi
939 1481 987 1519 ct
1013 1473 1177 1519 notavi
1203 1473 1333 1518 diem
1359 1479 1407 1518 et
1433 1480 1624 1534 tempus
1651 1482 1699 1520 et

137 1553 298 1599 locum
382 1554 521 1599 Haec
565 1555 732 1600 charta
767 1554 819 1599 in
854 1553 1113 1615 Maguntia
1149 1552 1344 1598 civitate
1380 1552 1559 1613 scripta
1592 1554 1691 1599 XI.

139 1633 257 1678 Kal.
289 1633 319 1677 J
324 1633 446 1679 ulias
484 1651 610 1680 anno
637 1635 706 1680 X.
748 1634 886 1695 regni
913 1633 1097 1679 domini
1130 1631 1281 1678 nostri
1308 1631 1469 1677 Caroli
1495 1632 1621 1694 regis
1648 1640 1696 1679 et

138 1712 457 1773 imperatoris.
498 1716 530 1773 ἦ·
572 1714 777 1775 Signum
804 1713 945 1759 Beati
971 1712 1160 1758 abbatis
1196 1712 1281 1772 qui
1316 1712 1442 1757 hanc
1478 1712 1695 1758 chartam

228 1894 245 1909 *
269 1893 456 1927 Marianus
476 1892 615 1932 Scotus,
647 1891 708 1936 qui
726 1891 814 1925 vixit
834 1890 1015 1933 Coloniae,
1043 1890 1179 1924 Fuidae
1199 1896 1234 1924 et
1251 1890 1472 1935 Πᾶς-01111110,
1504 1890 1546 1923 de
1565 1902 1601 1924 se
1620 1890 1695 1936 ipse

137 1950 224 1984 dicit
242 1950 278 1984 in
298 1950 464 1984 chronico
483 1961 547 1983 suo
565 1949 610 1983 ad
628 1961 659 1982 a.
684 1951 769 1982 105ss
799 1948 928 1993 (Pertz.
950 1951 981 1989 7,
1003 1948 1082 1993 552)
1101 1962 1107 1981 :
1173 1948 1254 1993 Ego
1273 1947 1457 1981 Marianus
1483 1948 1696 1993 peregri-

137 2019 221 2041 nus
240 2008 353 2042 factus
371 2020 434 2054 pro
451 2019 562 2052 regno
582 2006 734 2040 coeleste
758 2006 907 2050 patriam
926 2005 1085 2039 motuavi
1103 2011 1137 2039 et
1164 2005 1200 2038 in
1220 2004 1368 2039 Colonia
1395 2005 1589 2038 monachus
1615 2005 1695 2039 effe-

138 2062 259 2097 ctus.”
303 2065 350 2098 Et
379 2065 529 2110 scriptor
555 2064 687 2098 codicis
714 2063 790 2108 ejus
821 2063 921 2108 (ibid.
951 2075 986 2108 p.
1007 2063 1109 2109 450:
1147 2063 1190 2096 isi
1214 2062 1285 2095 side
1311 2066 1409 2095 eetna
1437 2062 1519 2095 blz'a.
1552 2066 1694 2096 tannes«

137 2121 280 2154 aalbaz'n
306 2121 339 2154 in
360 2121 664 2166 pereqrinita
677 2125 714 2155 te
739 2134 815 2155 mea
845 2121 912 2166 (est
935 2120 992 2154 hic
1011 2120 1145 2166 primus
1172 2132 1286 2153 annus
1299 2146 1306 2160 ‚
1336 2124 1526 2164 postquam
1552 2121 1633 2154 veni
1652 2132 1695 2154 ex

136 2178 291 2212 Albania
315 2179 352 2212 111
378 2191 413 2224 p.
434 2179 513 2224 111.).
561 2178 650 2212 Cum
677 2183 778 2212 extra
803 2179 989 2212 Scotorum
1018 2182 1215 2211 conventus
1242 2177 1277 2210 in
1305 2176 1456 2221 singulis
1484 2177 1695 2211 Germaniae

137 2236 362 2269 monasteriis
392 2236 526 2280 singuli
546 2235 643 2269 Scoti
669 2236 775 2269 etiam
793 2236 1058 2276 invenirentur,
1087 2246 1167 2268 vere
1187 2233 1385 2268 Gozbertus
1409 2235 1581 2268 diaconus
1608 2235 1694 2269 dicit

140 2291 315 2336 (Pertz.'2‚
348 2292 427 2337 250):
460 2291 602 2326 “Scotis
620 2293 843 2326 consuetudo
870 2291 1122 2339 peregrinandi
1150 2303 1261 2336 paene
1288 2291 1324 2325 in
1343 2297 1506 2326 naturam
1525 2303 1693 2325 conversa

137 2346 232 2382 est.'’
269 2350 390 2394 Atque
421 2350 625 2384 Marianum
651 2349 815 2383 abbatem
841 2349 1141 2383 Ratisbonensem
1163 2347 1311 2382 “limina
1334 2349 1578 2394 apostolorum
1596 2349 1694 2383 Petri

137 2411 173 2440 et
196 2406 301 2440 Pauli
318 2407 454 2440 Romae
468 2434 475 2448 ‚
506 2420 528 2453 g
540 2419 556 2441 e
569 2420 591 2441 n
602 2407 665 2441 tis
692 2419 707 2440 s
718 2418 741 2439 u
754 2418 773 2439 a
784 2418 802 2439 e
826 2418 861 2439 m
874 2418 893 2439 o
906 2419 922 2440 1·
933 2418 971 2448 0,
1001 2406 1113 2441 visere
1140 2405 1358 2439 desiderasse
1368 2404 1403 2447 ”‚
1439 2411 1564 2440 auctor
1589 2406 1692 2439 Vitae

136 2463 213 2508 ejus
231 2463 416 2497 Hibcrnus
434 2470 574 2506 narrat,
597 2470 632 2498 et
650 2464 786 2497 socium
806 2464 882 2509 ejus
902 2463 1121 2497 Clementem
1139 2463 1401 2508 Hierosolymis
1421 2463 1552 2496 obiisse
1570 2463 1688 2498 refert.

135 2519 316 2565 traditque
343 2520 436 2554 idem
455 2521 545 2555 hanc
564 2521 862 2568 peregrinationis
880 2533 994 2566 usque
1020 2521 1064 2554 ad
1083 2520 1266 2554 Chioviam
1284 2520 1437 2554 Russiae
1455 2526 1561 2566 eaput
1580 2521 1692 2553 factae

135 2577 277 2610 saeculo
296 2577 508 2611 duodecimo
526 2578 674 2612 ineunte
692 2579 936 2613 historiolam:
961 2576 979 2587 “
995 2579 1085 2612 Tum
1115 2577 1255 2623 (abbate
1274 2578 1431 2623 Domno)
1462 2579 1505 2611 de
1523 2578 1692 2611 fratribus

135 2634 341 2667 monasterii
361 2634 549 2671 Scotorum
567 2635 842 2670 Ratisbonensis
869 2636 923 2670 vir
948 2635 1146 2669 industrius
1173 2640 1208 2669 et
1230 2635 1265 2668 in
1284 2635 1390 2668 rebus
1408 2635 1556 2680 agendis
1575 2634 1691 2668 erudi—

135 2690 306 2732 tissimus,
327 2691 470 2725 nomine
489 2692 699 2735 Mauricius,
721 2693 818 2727 solus
837 2705 916 2727 cum
935 2692 1010 2726 solo
1029 2704 1139 2737 puero
1158 2693 1286 2726 comite
1305 2704 1366 2737 per
1384 2692 1485 2725 devia
1503 2691 1629 2724 mundi
1647 2692 1691 2724 ad

134 2758 254 2792 regem
268 2747 420 2782 Russiae
437 2749 647 2794 perveniens
665 2751 709 2784 ab
727 2751 852 2784 eodem
870 2762 952 2795 rege
967 2762 1005 2783 ac
1023 2749 1245 2795 principibus
1263 2748 1361 2782 urbis
1377 2749 1571 2782 ditissimae
1584 2749 1691 2782 Chios<

135 2803 178 2836 de
196 2797 336 2838 ferrinis
354 2806 507 2850 pellibus
525 2807 690 2852 pretiosis
710 2807 910 2841 valentibus
938 2812 1081 2841 centum
1106 2818 1241 2840 marcas
1258 2806 1403 2850 recepit,
1425 2811 1532 2851 atquc
1551 2806 1691 2839 easdem

134 2860 307 2894 vehiculis
325 2862 440 2896 ferens
460 2875 539 2896 cum
558 2864 843 2909 negotiatoribus
860 2864 1096 2898 Ratisbonam
1122 2863 1266 2908 pacifice
1285 2863 1457 2907 pervenit,
1479 2875 1522 2896 cx
1542 2874 1690 2908 quarum

134 2917 249 2961 pretio
268 2917 412 2953 claustri
431 2921 602 2962 aedificia,
624 2926 758 2955 tectum
777 2933 920 2966 quoque
937 2920 1145 2954 monasterii
1162 2920 1295 2953 factum
1315 2917 1402 2952 est.‘'

1308 2987 1333 3010 γ
1351 2989 1375 3011 2⁴2
