1897 3072
770 122 1031 149 PRAEFATIO.
1644 111 1675 143 Υ

117 242 202 271 nos
229 231 278 271 et
295 225 540 271 Hibernos
566 223 763 285 linguae
784 223 1125 269 commercium
1152 238 1209 267 ea
1235 227 1416 274 aetate,
1449 236 1538 266 nec
1559 237 1672 281 ergo

116 305 264 350 etiam
302 309 458 349 aetate
485 303 639 348 multo
664 302 953 356 vetustiore,
992 301 1210 361 quamvis
1236 306 1494 360 utramque
1521 299 1673 344 diale-

116 390 248 429 ctum
262 383 339 428 vel
352 382 571 443 linguam
597 382 609 433 (
612 382 702 426 hac
719 398 834 427 voce
858 381 988 426 enim
1008 387 1117 426 utar
1134 380 1352 426 consulto
1373 381 1433 424 ob
1451 380 1578 424 hanc
1599 379 1671 424 di-

114 462 405 524 versitatem)
437 478 497 506 ex
522 477 620 507 uno
645 460 777 506 fonte
804 466 957 506 ortam
981 476 1081 505 esse
1108 459 1234 504 clare
1259 464 1442 519 pateat.
1484 458 1669 504 Poterit

114 541 345 586 affirmari
379 541 532 602 major
568 540 842 586 differentia
877 541 1003 586 inter
1034 539 1252 599 linguam
1285 537 1588 583 hibernicam
1623 543 1671 582 et

114 620 461 672 britannicam,
505 634 652 677 quam
676 619 804 663 inter
837 619 1111 664 scandicam
1143 622 1382 662 vetustam
1408 616 1485 662 vel
1521 616 1668 661 islan—

114 700 271 744 dicam
298 704 346 743 et
371 704 552 742 ceteras
578 697 876 758 germanicas
911 696 1168 748 dialectos,
1212 695 1294 739 vix
1332 700 1495 740 tamen
1533 700 1669 740 tanta

113 782 297 836 quanta
327 776 517 821 obtinet
556 775 682 820 inter
716 775 935 836 linguam
969 773 1254 820 lituanicam
1289 773 1367 818 vel
1402 773 1666 834 prussicam

111 861 352 901 vetustam
377 860 425 900 et
450 854 694 900 slavicam.

246 932 488 978 Gallicam
515 938 678 978 autem
703 933 922 994 linguam
948 933 1170 994 priscam,
1215 949 1340 992 quae
1365 938 1473 992 post
1498 932 1667 978 interi-

112 1019 216 1058 tum
240 1012 433 1073 imperii
459 1011 790 1057 Romanorum
827 1018 875 1058 et
910 1012 1210 1058 invasionem
1236 1013 1534 1057 Francorum
1561 1028 1667 1057 sen—

110 1092 199 1137 sim
234 1091 376 1136 cessit
406 1106 559 1136 novae
596 1091 869 1136 romanicae
903 1097 1035 1137 ortae
1075 1092 1125 1136 in
1151 1090 1432 1152 regionibus
1457 1091 1659 1152 gallicis,

109 1170 150 1216 si
182 1186 278 1215 non
311 1169 406 1215 fuit
442 1170 612 1214 eadem
647 1186 758 1215 cum
791 1170 1081 1223 britannica,
1127 1169 1243 1214 huic
1277 1175 1439 1215 tamen
1464 1170 1666 1215 vicinio—

110 1265 213 1294 rem
237 1247 400 1302 suisse,
434 1265 581 1308 quam
598 1249 896 1300 hibernicae,
928 1249 1049 1294 haec
1068 1249 1353 1309 praesertim
1367 1250 1657 1294 ostendunt:

254 1328 294 1373 1.
337 1328 669 1389 Congruentia
693 1345 920 1374 sonorum
946 1329 1266 1387 quorundam,
1300 1329 1478 1387 quibus
1503 1328 1666 1373 differt

108 1406 377 1460 hibernica,
409 1422 451 1451 e.
477 1423 549 1467 gr.
580 1407 631 1452 in
650 1408 927 1453 nominibus
954 1407 1141 1468 gallicis
1168 1407 1358 1460 Litana,
1393 1407 1657 1459 Litavicus,

110 1500 234 1544 quae
255 1490 367 1529 sunt
393 1485 551 1529 adhuc
568 1485 837 1530 britannice
864 1487 960 1547 adj.
987 1487 1118 1537 ῖιῗΐαη,
1144 1487 1294 1531 subst.
1321 1487 1453 1539 litem,
1486 1489 1570 1532 sed
1587 1487 1662 1532 hi-

108 1563 302 1609 bernice
317 1564 484 1615 lothan,
508 1564 642 1615 letha,
664 1579 788 1622 quae
808 1564 1029 1624 inprimis
1049 1564 1517 1610 animadvertiturin
1533 1566 1661 1610 voci-

108 1643 197 1686 bus
217 1641 403 1702 gallicis
430 1647 478 1685 et
505 1641 804 1693 britannicis,
835 1658 877 1687 e.
903 1658 975 1703 gr.
1003 1643 1054 1687 in
1072 1643 1316 1697 Petuaria,
1349 1645 1654 1704 petorritum,

106 1719 422 1780 pempedula,
466 1721 716 1765 Penninus
743 1720 884 1772 deus,
930 1720 1209 1766 Penninum,
1228 1722 1432 1783 jugum,
1466 1723 1652 1783 Epona,

106 1798 380 1857 Eporedici,
411 1798 927 1858 Epomanduodurum‚
968 1799 1368 1846 convenientibus
1397 1818 1508 1847 cum
1530 1819 1659 1847 cain—

104 1876 249 1921 bricis
266 1883 437 1937 petum·
465 1877 701 1938 (quatuor)
725 1916 732 1929 ,
756 1880 889 1939 pimp
920 1878 1187 1940 (quinque),
1211 1895 1338 1941 penu
1369 1880 1573 1942 (caput),
1606 1898 1658 1943 ep

103 1955 155 2000 in
182 1954 332 1999 deriV.
365 1956 525 2016 epaul,
565 1956 700 2001 ebaul
728 1956 940 2019 (pullus),
991 1959 1107 2003 dum
1144 1958 1393 2003 hibernice
1420 1965 1492 2005 est
1517 1976 1563 2011 c,
1605 1960 1657 2005 ch

102 2048 189 2092 pro
205 2049 242 2093 p
268 2032 319 2076 in
343 2032 530 2086 iisdem,
564 2040 617 2079 ut
643 2036 785 2081 cerleir
815 2035 1051 2097 (quatuor)
1073 2074 1080 2088 ,
1114 2039 1207 2083 co'z'c
1237 2036 1504 2100 (quinque),
1546 2054 1657 2084 cemz

108 2110 304 2171 (caput),
347 2112 424 2157 ecla
460 2111 663 2174 (equus).
720 2113 833 2158 Non
867 2115 1075 2160 concedo
1102 2115 1427 2161 differentiam
1452 2117 1656 2177 gallicae

102 2189 298 2250 linguae
324 2205 352 2233 a
376 2189 649 2235 britannica
682 2198 730 2236 et
770 2193 1138 2254 congruentiam
1172 2211 1283 2239 cum
1318 2195 1571 2241 hibernica
1604 2197 1656 2241 in

102 2266 342 2326 particula
374 2282 464 2312 szc—
503 2267 553 2312 in
587 2270 863 2329 compositis
891 2271 1193 2325 Suessiones,
1235 2273 1493 2329 Suanetes,
1542 2292 1652 2321 cum

102 2345 271 2390 eadem
297 2361 389 2389 vox
416 2344 477 2389 sit
502 2345 752 2392 hibernice
777 2365 887 2401 su—,
922 2366 1021 2402 5²0-,
1063 2351 1334 2397 britannice
1360 2359 1523 2398 autem
1550 2354 1644 2406 leo-,

101 2424 192 2476 lze-‚
234 2424 332 2484 hffi·
397 2423 542 2468 Hanc
579 2425 708 2471 enim
744 2428 771 2472 Ιι
803 2444 889 2488 pro
922 2444 945 2473 s
985 2445 1085 2474 esse
1120 2430 1309 2476 serioris
1343 2431 1542 2492 originis
1580 2438 1651 2478 at—

101 2517 195 2559 que
228 2518 252 2546 S
284 2502 581 2561 primitivam
614 2505 879 2552 obtinuisse
912 2509 1043 2568 apud
1075 2509 1333 2555 Britannos
1369 2511 1526 2556 adhuc
1553 2511 1651 2555 Ro-

100 2595 352 2625 manorum
378 2586 556 2633 aetate,
591 2583 730 2628 docet
766 2600 943 2630 nomen
970 2586 1107 2632 fluvii
1138 2588 1366 2637 Sabrina.
1402 2590 1531 2648 quod
1563 2606 1649 2650 po-

100 2658 319 2703 steriores
345 2659 570 2704 Britanni
596 2666 644 2705 et
668 2661 891 2708 hodierni
915 2663 1168 2724 proferunt
1193 2666 1383 2728 IMfl-en
1414 2668 1477 2727 (p.
1515 2667 1642 2729 144),

100 2740 156 2779 ut
180 2751 356 2781 nomen
379 2737 551 2797 populi
576 2738 688 2784 brit.
716 2743 973 2799 Σελγοοῧαι
1008 2745 1137 2803 apud
1160 2745 1287 2790 Ptol.
1319 2751 1476 2791 servat
1501 2746 1647 2791 etiam

97 2829 121 2857 s
147 2829 232 2872 pro
259 2815 286 2859 Ιι
320 2816 542 2863 hodierni
580 2820 732 2864 subst.
762 2820 876 2864 brit.
908 2821 1006 2873 lael,
1053 2823 1154 2883 hely
1184 2823 1388 2883 (hibern.
1420 2825 1539 2886 sely,
1572 2841 1653 2869 ve—
