1897 3072
1620 91 1663 100 n·-

396 92 431 131 Ῐ.
474 95 508 130 l.
573 103 796 130 (JONSONAE
818 102 1118 130 BRITANXICAE
1141 102 1395 129 SPIRANrEs.
1595 90 1669 127 lvi)

122 208 216 258 vus)
239 204 283 245 in
306 205 408 258 Leg.
436 205 551 244 Mal).
578 211 618 244 ct
640 203 777 243 hodie.
820 203 874 243 In
895 204 979 242 fine
999 216 1150 243 vocum
1172 201 1334 256 spirans
1350 201 1439 255 jam
1462 216 1485 241 a
1505 208 1672 241 vetusta

122 276 269 329 lingua
290 275 492 315 destituta
514 282 575 314 est
598 282 639 314 et
660 273 845 313 emollita
867 275 927 327 (p.
957 275 1070 327 150).

235 346 336 386 Cor
347 345 482 385 nice.
527 346 579 385 In
608 344 730 385 initio
760 343 805 383 in
827 344 1137 385 constructione
1157 344 1224 384 vel
1245 343 1567 397 compositione:
1593 358 1672 398 ray

120 432 147 471 y
179 416 363 471 worlleye
391 418 461 469 (ad
492 431 588 456 eum
609 415 918 463 venerandum3
951 415 1003 454 cf.
1028 429 1106 469 ray
1134 414 1331 469 yortleye,
1357 415 1409 454 ad
1431 429 1544 463 ven„
1572 418 1668 464 228,

125 489 166 540 2)
191 488 309 527 Pass.
338 491 404 536 29,
433 490 470 526 2.
506 486 572 527 the
601 486 795 540 wethyll,
823 485 889 525 the
910 485 1095 534 wefhell,
1124 485 1190 526 the
1219 485 1400 540 wutlzyll
1427 486 1497 538 (ad
1518 485 1670 525 facien-

122 559 244 605 du1n3
280 574 403 612 supra
430 557 615 612 yeztleyll)
641 560 707 604 21,
736 560 774 595 2.
804 561 897 605 151,
925 561 964 596 4.
994 561 1087 605 159,
1116 560 1154 596 2.
1179 571 1205 596 α-
1226 571 1448 611 wovymzys
1479 556 1671 609 (interro-

121 629 234 683 gavit
248 646 258 678 3
282 644 489 684 gyozrymey,
515 628 787 679 interrogare)
813 631 880 675 67,
911 632 948 666 1.
984 642 1009 667 α
1030 627 1212 682 welhet-y
1235 627 1426 679 (tolerat,
1449 627 1671 681 qotlzecell)

123 705 190 749 54,
222 705 257 739 1.
293 715 319 739 α
349 699 577 752 wortlcebys
609 697 859 750 (respondit)
884 702 951 746 43,
983 702 1018 737 1.
1047 703 1113 747 67,
1143 703 1181 738 3.
1207 703 1246 747 4,
1272 698 1331 738 ita
1361 706 1409 738 ut
1430 699 1571 738 redeat.
1592 713 1628 738 w
1650 713 1672 738 e

120 770 262 810 formis
289 785 363 824 90,
385 768 524 823 yortlc.
562 768 683 808 tebell
708 782 792 808 was
824 768 978 820 (malus
1007 783 1112 822 puer
1123 785 1134 817 3
1166 772 1301 823 ymas)
1327 773 1393 819 38,
1423 774 1461 809 3.
1488 770 1672 824 finwetla

122 840 260 890 (finis3
292 854 442 879 armor.
462 839 629 893 finuez)
655 842 757 887 212,
785 843 824 878 4.
869 839 923 878 In
951 839 1110 879 medio:
1147 839 1271 880 ezcm'n
1295 840 1487 894 (unguis)
1509 841 1668 881 Vocab.

119 910 300 965 nou-yth,
327 910 490 966 nea-yth
513 912 683 963 (novus)
707 911 826 950 Pass.
852 910 909 964 fq.
924 924 1096 963 peswar
1119 913 1333 964 (quatuor)
1358 913 1477 952 Pass.
1508 916 1601 960 190,
1629 915 1668 950 2.

122 984 217 1031 241,
245 986 284 1021 4.

234 1051 509 1092 Armorica
536 1052 727 1107 exempla
744 1066 765 1092 e
779 1051 880 1093 Vita
898 1051 942 1092 S.
960 1052 1155 1102 Nonnae,
1177 1052 1223 1093 in
1239 1068 1321 1107 qua
1339 1054 1529 1107 exempla
1547 1068 1671 1107 quae-

120 1126 217 1165 dam
247 1122 392 1164 obviae
422 1129 607 1163 servatae
635 1138 693 1177 {sec
723 1122 849 1163 etiam
870 1122 915 1163 in
935 1122 1074 1163 media
1094 1137 1208 1173 voce,
1235 1124 1316 1164 alia
1337 1124 1525 1178 ejusdem
1547 1124 1671 1165 desti-

120 1202 236 1235 tutae
267 1194 312 1234 111
341 1209 392 1234 uo
425 1195 499 1246 (=
520 1208 599 1243 uu,
625 1195 702 1246 w),
736 1208 790 1234 u:
823 1194 1006 1234 Rz'uoall
1037 1196 1182 1248 (supra
1210 1195 1409 1250 Βίφοαῖἶ,
1436 1197 1600 1251 Rz'qoal
1615 1218 1672 1230 =

120 1265 301 1318 Rz'wall)
329 1269 422 1313 150,
450 1268 517 1304 20.
543 1265 692 1304 deme:
714 1265 861 1317 (dies),
888 1265 1038 1319 fimoez
1062 1265 1175 1317 (finis
1190 1282 1199 1313 3
1226 1281 1409 1320 compos.
1435 1282 1531 1307 cum
1549 1283 1667 1321 (juez,

121 1337 275 1376 cambr.
302 1335 399 1375 hod.
421 1336 589 1389 ywedcl)
612 1338 705 1384 102,
732 1339 796 1375 18.
822 1340 916 1385 104,
941 1341 979 1376 5.
1005 1336 1254 1391 diuisquaff
1266 1338 1469 1389 (vestibus
1492 1352 1666 1386 exuere;

116 1406 330 1461 yzcae'sccff)
367 1409 440 1454 10,
480 1409 544 1445 19.
585 1405 758 1446 ezcezleat
793 1405 1001 1460 (vigilare)
1032 1412 1107 1456 90,
1138 1411 1203 1446 12.
1243 1423 1369 1447 neuez
1407 1410 1577 1461 (novus)
1609 1409 1666 1462 fq.

120 1477 341 1517 Hodierna
372 1475 541 1529 scriptio
572 1490 608 1516 w
639 1476 683 1516 in
714 1476 849 1526 initio,
875 1492 897 1517 υ
918 1477 964 1517 111
984 1478 1144 1517 medio:
1180 1492 1231 1517 ar
1255 1478 1450 1519 wirz’onez
1472 1478 1666 1531 (veritas;

120 1562 171 1587 ar
192 1547 353 1600 artic.),
379 1561 499 1586 nerea
530 1548 716 1600 (novus).
762 1548 797 1587 E
825 1547 1043 1602 particulis
1071 1563 1186 1601 (swa,
1216 1563 1332 1603 qwor
1356 1549 1669 1589 transeuntibus

120 1617 320 1658 armorice
352 1616 397 1656 in
424 1632 520 1671 you,
544 1632 664 1671 your,
690 1632 864 1658 excussa
891 1633 920 1672 q
951 1617 996 1657 in
1027 1619 1329 1672 compositione
1351 1619 1517 1660 residua
1539 1627 1580 1659 et
1602 1619 1670 1659 hic

119 1702 185 1737 ou,
210 1702 312 1727 our:
336 1687 562 1741 dimzyanet
581 1688 894 1742 (praescriptus,
915 1689 1153 1742 praedictus
1167 1706 1178 1738 3
1204 1691 1359 1730 cambr.
1381 1690 1479 1730 hod.
1506 1691 1670 1745 (lyoycm

118 1779 175 1792 =
207 1758 435 1811 clo-quo-c.)
467 1760 549 1798 Bu.
575 1759 632 1812 fq.
675 1759 874 1814 dz'oztyzcel
906 1761 1118 1813 (securus3
1160 1761 1314 1801 cambr.
1355 1760 1496 1814 dioqel
1522 1782 1579 1794 ==
1607 1760 1669 1801 di-

114 1830 275 1883 quo-c.)
302 1832 395 1880 178,
422 1833 462 1868 4.

779 1967 1006 2008 Mediae.

235 2079 294 2142 B
322 2079 392 2144 D
421 2080 511 2146 G·
574 2107 748 2148 Formae
782 2108 1021 2162 primitivae
1056 2109 1102 2149 in
1137 2109 1375 2150 britannica
1410 2108 1583 2162 lingua,
1622 2115 1671 2148 ut

121 2185 222 2218 sunt
249 2177 294 2218 in
325 2178 407 2219 alia
428 2194 706 2234 quacumque,
733 2190 917 2223 servatae
939 2183 984 2223 in
1005 2184 1122 2224 libris
1145 2185 1336 2225 vetustis.
1382 2184 1507 2225 Prius
1530 2191 1671 2224 tamen

120 2248 357 2289 alterationi
378 2249 581 2290 obnoxiae
602 2251 763 2292 mediae
784 2253 1044 2294 britannicae
1067 2269 1193 2308 quam
1215 2254 1297 2294 alia
1318 2254 1477 2295 classis.

234 2319 545 2360 Cambricae
579 2322 740 2362 mediae
762 2324 1001 2365 vetustioris
1023 2325 1190 2366 dialecti
1211 2325 1478 2366 inchoantes:
1506 2325 1567 2366 bis
1590 2324 1669 2378 (di-

119 2389 250 2443 gitus)
264 2422 276 2440 ,
303 2389 407 2430 buck
438 2391 626 2445 (Vacca),
654 2393 760 2433 helel
784 2395 961 2449 (bulla),
990 2395 1140 2436 bz'clzan
1163 2398 1352 2450 (parvus)
1367 2413 1378 2445 ;
1413 2396 1461 2437 di
1480 2397 1591 2449 (de),
1617 2396 1669 2435 do

121 2460 234 2511 (ad),
261 2461 341 2499 dur
371 2461 563 2514 (durus),
597 2463 716 2504 clz'lzel
743 2465 921 2518 (deses);
953 2481 1034 2520 {sen
1066 2467 1231 2520 (obex),
1261 2467 1431 2522 yrm'am
1464 2467 1577 2519 (suo)
1608 2465 1666 2518 gl.

121 2529 260 2569 Oxon.
315 2531 439 2573 Quod
475 2532 747 2574 intermediae
783 2535 827 2575 in
864 2535 1011 2575 iisdem
1046 2537 1195 2589 glossis
1233 2537 1318 2577 sint
1348 2537 1438 2591 jam
1474 2537 1670 2576 alteratae

120 2613 345 2652 earumque
382 2601 550 2655 scriptio
586 2604 768 2657 aspirata
803 2606 854 2646 ob
898 2621 1018 2646 voces
1055 2607 1374 2661 merqiclhaleam
1413 2608 1666 2659 (evanesco),

118 2668 309 2722 helylzccti
337 2671 546 2725 (venare),
581 2672 853 2715 infitiandum
885 2676 984 2726 erit,
1019 2684 1061 2717 et
1089 2678 1116 2718 le,
1146 2678 1191 2718 in
1218 2677 1309 2726 his,
1343 2684 1390 2717 ut
1420 2677 1466 2716 in
1495 2676 1669 2716 hiulcam

121 2739 338 2793 (patricius
351 2756 361 2788 3
396 2740 493 2781 hod.
518 2742 705 2798 leynaf),
741 2761 997 2800 quamquam
1017 2749 1155 2803 posita
1174 2755 1270 2802 post
1291 2761 1511 2795 consonas,
1537 2747 1669 2786 adnu-

119 2811 319 2850 meranda
348 2811 549 2865 exemplis
571 2813 598 2854 Ιι
620 2816 856 2868 superfluae
880 2832 1007 2871 supra
1027 2819 1164 2859 allatis
1188 2821 1248 2872 (p.
1278 2820 1390 2869 139).
1435 2817 1548 2857 Nam
1568 2817 1670 2856 dum
