1897 3072
600 72 635 110 I.
681 75 716 110 1.
779 84 1001 112 consoNAE
1022 84 1243 111 CELTICAE.
1641 75 1692 112 47

263 184 511 225 Res-entiore
532 191 673 224 autem
695 191 804 224 ortas
823 191 1007 238 tempore
1029 192 1070 225 et
1089 192 1184 239 post
1206 192 1385 226 aetatem
1403 187 1694 227 Romanorum

147 256 348 311 prodiisse
369 255 530 295 affirmo
552 255 818 295 alterationes
840 270 1120 296 consonarum
1141 270 1224 305 eas,
1248 272 1354 310 quae
1375 258 1486 297 fiunt
1507 258 1584 298 sub
1608 272 1693 297 cer-

150 328 200 368 tis
231 326 386 380 regulis
416 333 457 366 et
485 325 762 379 positionibus
785 327 890 375 (non
919 326 1014 366 illae
1044 326 1214 380 quidem
1235 333 1414 382 semper)
1439 336 1524 368 tam
1545 328 1590 367 in
1611 343 1695 368 me-

149 399 217 439 dio
239 412 389 438 vocum
410 404 450 437 et
471 398 555 437 fine
568 429 579 445 ‚
615 411 741 450 quam
762 396 807 437 in
828 397 949 437 initio
970 397 1015 437 in
1037 405 1238 438 contextu
1259 399 1461 439 sermonis
1474 431 1484 448 ,
1511 413 1696 452 quasque

149 470 293 510 eadem
323 467 686 517 denominatione,
724 483 805 522 qua
834 468 1145 522 designavimus
1174 469 1383 509 vocalium
1410 469 1692 518 alterationes,

149 540 335 580 dicemus
365 538 706 579 infectiones.
751 539 955 579 Alter-atio
977 539 1021 579 in
1052 540 1198 593 lingua
1229 540 1445 580 hibernica
1472 555 1571 594 prae
1604 540 1695 580 aliis

149 610 495 651 animadvertitur
506 609 551 649 in
574 609 785 657 tenuibus,
802 617 849 648 ut
861 609 997 649 adhuc
1019 618 1187 650 exstant
1208 610 1252 650 in
1264 611 1424 664 gallicis
1442 611 1613 651 vocibus
1636 618 1696 651 at-

149 695 228 734 que
249 680 424 720 vetustis
447 679 661 719 cambricis
683 679 748 718 vel
770 679 996 719 armoricis.
1043 682 1163 724 Quae
1185 689 1331 721 tenues
1352 683 1464 722 fiunt
1484 682 1698 723 hibernice

148 751 376 804 aspiratae,
411 765 446 790 e.
471 765 534 804 gr.
569 750 614 789 in
644 750 738 790 cath
762 751 963 804 (pugna),
992 751 1132 791 letlmn
1163 752 1309 804 (latus)
1333 766 1354 791 e
1386 753 1561 792 vetustis
1585 759 1694 802 catu,

149 822 279 868 lz'tala,·
299 820 343 860 in
361 820 492 861 06ίῆιῦ-
509 821 681 873 (cambr.
702 828 785 860 vet.
798 824 988 874 petuar),
1007 822 1051 861 in
1068 822 1240 872 vuitlcz‘r,
1257 822 1421 863 brdz‘lee'r
1438 824 1602 875 (mater,
1617 824 1695 863 fra-

153 900 235 941 ter3
257 893 411 932 cambr.
432 900 513 931 vet.
536 892 702 943 brcmt);
726 891 771 930 in
793 891 913 932 crocle
954 914 1010 925 Ξ
1031 907 1154 939 cmm,-
1179 907 1296 941 crux,
1324 892 1492 946 crucis),
1518 894 1701 934 eroehccd

150 962 401 1016 (crucifixio)
412 962 602 1016 aliisque.
624 961 758 1002 Obvia
769 962 974 1015 ejusmodi
984 963 1168 1012 infectio,
1185 963 1374 1017 quamvis
1385 963 1558 1004 minoris
1569 965 1681 1004 ambi
1689 990 1698 995 -

151 1042 218 1074 tus
240 1040 280 1073 et
302 1033 453 1074 diversi
483 1048 599 1081 usus,
625 1033 752 1073 etiam
772 1033 817 1074 in
838 1033 1073 1074 britannica
1095 1034 1263 1088 lingua:
1290 1035 1411 1075 γεω-Νι
1434 1034 1513 1088 (vis
1528 1068 1539 1084 ,
1565 1036 1698 1089 valor)

149 1119 185 1145 e.
210 1119 272 1157 gr.
298 1119 319 1144 e
341 1110 447 1153 wert,
469 1111 517 1144 ut.
537 1111 600 1144 est
621 1104 758 1145 adhue
779 1104 825 1144 in
845 1104 1059 1145 hibernica
1080 1104 1241 1159 lingua,
1261 1105 1434 1160 jamque
1456 1106 1501 1146 in
1521 1107 1698 1147 vetustis

148 1175 390 1216 nominibus
411 1174 571 1228 gallicis
595 1175 834 1229 compositis
854 1176 897 1216 N
900 1182 1152 1225 ertomarus,
1179 1177 1437 1226 Cobnertus,
1472 1178 1700 1219 murelunae

151 1246 390 1300 (equestris)
409 1252 548 1285 ortum
569 1260 590 1285 e
606 1246 756 1299 gallico
774 1253 939 1286 vetusto
957 1260 1101 1287 marca
1124 1244 1301 1303 (μάρκα,
1319 1245 1604 1304 τριλιιαρκισία
1626 1264 1694 1303 ap.

150 1318 380 1370 Pausan.),
416 1323 463 1356 ut
485 1316 622 1356 adhuc
652 1324 714 1357 est
743 1317 869 1357 etiam
891 1317 935 1357 in
964 1317 1127 1358 hibern.
1154 1326 1236 1358 vet.
1272 1320 1484 1360 mercada.
1526 1321 1579 1360 In
1601 1335 1698 1360 con-

148 1388 377 1428 structione
394 1387 556 1427 hibern.
572 1395 655 1427 vet.
673 1388 732 1428 tol
745 1388 889 1428 elaoheo
908 1389 1134 1443 (cupiditas
1151 1390 1305 1443 carnis)
1323 1390 1535 1442 genitivus
1553 1391 1698 1432 clmlao

149 1466 211 1499 est
224 1473 245 1499 e
261 1473 375 1499 nom.
394 1458 516 1498 colia.
544 1460 689 1498 Potest
704 1472 800 1511 ergo
813 1458 1018 1512 distingui
1031 1467 1164 1500 status
1177 1475 1384 1501 consonae
1406 1476 1433 1515 p
1445 1476 1465 1500 r
1476 1461 1489 1500 i
1500 1476 1575 1502 ma
1586 1477 1606 1501 r
1617 1462 1667 1502 iu
1680 1477 1697 1502 s

150 1529 215 1568 vel
255 1529 584 1582 originarius
623 1536 663 1569 et
695 1537 828 1569 status
861 1529 1151 1583 aspiratus,
1184 1531 1407 1572 infectio
1443 1533 1695 1586 aspirata,

150 1600 301 1654 quibus
319 1607 459 1639 tamen
477 1599 889 1640 denominationibus
906 1601 958 1640 ob
969 1600 1148 1654 liquidas
1160 1617 1266 1656 quae
1278 1610 1468 1656 expertes
1483 1603 1698 1657 aspiratio—

148 1670 213 1710 nis
242 1670 586 1724 pronuntiatione
617 1670 877 1711 solummodo
914 1671 1000 1711 sive.
1031 1673 1196 1713 duriore
1231 1673 1317 1713 sive
1345 1674 1534 1714 molliore
1564 1676 1698 1729 profe—

146 1748 319 1790 runtur,
353 1741 531 1795 aptiores
560 1741 756 1781 videntur
786 1741 1146 1783 denominationes
1169 1751 1303 1784 status
1332 1745 1447 1785 (luri
1476 1745 1699 1800 (primarii)

148 1819 189 1852 et
220 1819 353 1852 status
381 1827 423 1851 m
434 1812 560 1852 ollis
594 1812 866 1865 (secundarii)
898 1813 983 1852 sive
1014 1813 1066 1854 in
1076 1814 1121 1854 fe
1133 1829 1153 1854 c
1166 1823 1181 1855 t
1192 1814 1208 1869 i
1218 1830 1279 1855 on
1290 1815 1304 1855 i
1316 1830 1333 1855 8
1370 1831 1413 1856 111
1425 1816 1552 1856 ollis
1564 1849 1576 1866 ,
1603 1832 1700 1858 cum

149 1882 234 1923 sint
263 1890 304 1923 et
334 1882 438 1923 aliae
463 1883 724 1923 infectiones,
770 1883 969 1937 Inprimis
990 1886 1249 1935 notandum,
1283 1886 1554 1928 infectionem
1575 1891 1699 1930 modo

148 1953 304 1993 dictam
331 1954 421 1993 fieri
443 1953 604 1994 diverso
626 1953 799 1994 omnino
821 1956 944 1995 modo
967 1963 1007 1995 et
1028 1957 1233 1997 contrarie
1255 1958 1446 2012 opposito
1468 1958 1513 1999 in
1535 1961 1698 2001 duabus

148 2024 320 2078 linguis,
347 2024 561 2064 hibernica
587 2031 629 2064 et
649 2025 897 2066 britannica.
933 2027 1047 2067 Nam
1062 2026 1108 2067 in
1130 2027 1307 2068 dialecto
1328 2029 1520 2070 codicum
1535 2039 1698 2072 nostro-

147 2110 242 2135 rum
272 2094 487 2135 hibernica
515 2110 721 2136 consonae
749 2104 969 2137 servantur
997 2098 1041 2138 in
1071 2105 1184 2138 statu
1205 2098 1382 2152 pristino
1405 2107 1446 2140 et
1468 2109 1612 2142 contra
1634 2102 1698 2142 in—

148 2165 370 2205 fectionem
392 2173 593 2218 teguntur
613 2167 835 2220 positione,
861 2168 889 2208 i.
910 2183 946 2208 e.
968 2168 1003 2209 si
1025 2176 1125 2210 sunt
1139 2169 1314 2223 junctae
1336 2185 1478 2211 secum
1500 2171 1585 2212 sive
1607 2188 1697 2213 eae-

148 2237 242 2276 dem
265 2236 504 2289 (duplices),
526 2236 612 2276 sive
634 2237 818 2278 diversae
836 2239 902 2278 vel
924 2238 1110 2292 ejusdem
1126 2240 1192 2280 vel
1208 2240 1466 2282 diversarum
1482 2243 1696 2293 classium,

147 2322 182 2347 e.
208 2322 270 2361 gr.
295 2306 478 2360 liquidae
500 2315 595 2361 post
615 2307 795 2361 liquidas
809 2341 820 2357 ,
857 2310 1018 2350 mediae
1040 2311 1104 2351 vel
1128 2320 1274 2352 tenues
1295 2321 1390 2366 post
1411 2313 1612 2367 liquidas,
1639 2323 1698 2355 te-

146 2392 250 2418 nues
280 2385 374 2432 post
405 2385 550 2418 tenues
573 2386 698 2432 <quae
730 2379 899 2433 quidem
932 2388 1076 2422 tenues
1103 2382 1148 2422 in
1169 2383 1394 2436 posteriore
1414 2384 1505 2425 loco
1526 2400 1611 2426 non
1634 2401 1698 2426 so-

146 2449 237 2489 lum
265 2449 379 2503 ipsae
410 2456 629 2499 tenentur,
665 2451 738 2490 sed
767 2450 894 2491 etiam
922 2453 1216 2493 antecedentes
1249 2460 1388 2495 tenere
1411 2456 1590 2509 solent);
1625 2458 1696 2497 ob—

147 2520 297 2560 noxiae
318 2528 460 2560 autem
481 2528 581 2561 sunt
602 2521 818 2561 infectioni
835 2530 953 2563 extra
968 2523 1234 2576 positionem,
1256 2524 1284 2565 i.
1306 2540 1342 2565 e.
1367 2526 1403 2566 si
1419 2534 1519 2566 sunt
1537 2527 1697 2581 simpli-

147 2605 213 2631 ces
235 2598 277 2630 et
297 2590 529 2645 singulares
562 2591 673 2632 inter
702 2593 805 2633 duas
827 2593 988 2633 vocales
1017 2593 1062 2634 in
1082 2595 1220 2636 medio
1242 2596 1308 2636 vel
1328 2604 1424 2650 post
1446 2597 1630 2636 vocalem
1652 2596 1696 2637 in

147 2663 245 2701 fine.
291 2661 580 2703 Britannicam
609 2662 799 2716 linguam
827 2664 1033 2705 contraria
1065 2665 1206 2719 sequi,
1241 2666 1277 2707 si
1304 2668 1353 2707 fit
1381 2667 1576 2716 infectio,
1611 2683 1697 2708 una

147 2746 228 2772 vox
252 2731 342 2786 jam
371 2731 482 2773 dieta
503 2734 657 2774 cambr.
683 2741 766 2774 vet.
791 2735 1040 2785 marcham,
1075 2751 1181 2790 quae
1203 2744 1267 2777 est
1287 2737 1450 2778 hibern.
1476 2744 1558 2778 vet.
1584 2752 1697 2779 mar-

148 2802 262 2851 each,
288 2803 541 2857 comprobat.
588 2804 792 2858 Exempla
813 2805 894 2846 alia
914 2806 1097 2860 plurima
1118 2807 1225 2848 infra
1247 2816 1487 2861 sequentur.
