1897 3072
490 66 524 105 Ι.
566 69 600 104 l.
664 76 888 104 coNsoNAE
910 74 1184 102 HrssERNICAE
1206 74 1390 101 TENUES.
1662 59 1714 98 87

171 187 317 219 exstat.
357 179 392 219 T
396 178 570 219 enuium
591 177 819 218 infectio
846 190 939 217 nas
953 175 1052 216 alis
1075 175 1119 215 in
1141 174 1394 228 quibusdam
1414 173 1584 213 vocibus
1605 187 1714 213 cam—

170 249 294 289 bricis
318 257 478 290 tuntum
510 249 709 298 occurrit3
744 264 767 289 a
790 248 936 301 lingua
957 246 1192 295 hibernica,
1228 254 1314 285 tam
1335 252 1471 285 vetere
1497 258 1623 298 quam
1653 258 1713 284 re-

171 328 290 360 cente
303 353 314 369 ,
341 321 472 360 aliena
494 329 576 369 est,
606 320 650 359 in
672 334 754 373 qua
775 318 932 359 scilicet
953 317 1113 357 destrui
1134 317 1239 357 solet
1260 316 1419 370 liquida
1440 315 1595 356 nasalis
1618 321 1714 355 ante

171 398 342 439 tenum,
378 401 460 432 tam
500 391 545 431 in
584 390 721 431 medio
758 404 908 430 vocum
941 403 1067 442 quam
1098 388 1143 428 in
1163 389 1272 437 fine,
1305 387 1511 441 siquidem
1542 401 1624 427 vox
1653 400 1713 426 se-

169 477 301 515 quens
333 477 355 502 a
386 462 499 502 tenui
530 462 713 511 inchoat,
740 461 784 500 111
816 459 1134 515 pronominibus
1165 469 1205 499 et
1226 458 1441 513 particulis
1464 457 1715 512 quibusdam

170 534 229 587 (p.
259 537 308 572 52
328 542 453 586 ⁵3qu-

282 605 302 644 I
316 620 344 644 n
358 605 405 644 fe
418 620 438 643 c
451 605 522 644 tio
553 605 579 644 d
591 619 612 644 e
624 618 642 643 s
659 603 835 644 tituen
847 618 864 643 s
893 601 1087 642 tenuium
1108 609 1171 641 est
1191 602 1431 642 recentioris
1454 601 1715 642 solummodo

168 675 336 728 linguae
364 675 624 723 hibernicae,
662 681 709 713 ut
736 673 1019 721 britannicae,
1055 687 1138 726 qua
1166 673 1324 713 scilicet
1356 680 1502 713 tenues
1525 674 1575 721 P,
1603 673 1653 722 T,
1680 673 1713 713 C

168 745 440 785 debilitantur
461 745 505 784 in
524 744 681 785 medias
704 746 755 793 Β,
781 745 836 793 D,
864 744 918 783 G.
964 743 1142 783 Infectio
1164 743 1266 784 haec
1288 744 1535 793 destituens,
1561 745 1612 784 de
1633 758 1715 798 qua

166 816 233 856 hic
262 823 303 856 et
332 816 377 856 in
408 823 606 870 sequente
628 815 763 870 capite
785 815 1010 856 dicendum
1031 815 1084 854 ad
1105 815 1459 868 comparationem
1481 814 1715 855 faciendam

165 902 262 927 cum
283 886 507 927 infectione
528 887 783 927 destituente
804 886 1054 935 britannica,
1083 886 1329 939 praesertim
1351 886 1558 926 cambrica
1568 918 1580 936 ,
1607 886 1716 926 infra

165 965 387 1011 sequente,
415 957 575 998 obtinet
603 957 648 997 in
670 958 817 1012 lingua
837 956 1052 997 hibernica
1072 957 1301 999 recentiore
1323 966 1364 998 et
1383 957 1542 1011 gaelica
1563 957 1607 997 in
1628 973 1713 998 ma—

157 1029 248 1083 jore
268 1036 385 1083 parte
407 1044 551 1069 earum
571 1043 734 1079 vocum,
767 1043 873 1083 quae
895 1035 1054 1069 statum
1075 1029 1229 1069 durum
1251 1028 1445 1069 tenuium
1466 1028 1649 1069 retinent
1670 1029 1714 1069 in

164 1107 330 1140 vetusta
351 1099 511 1153 lingua.
558 1101 681 1144 Quod
702 1101 771 1141 fit:

283 1176 318 1211 1.
363 1171 417 1210 In
452 1170 573 1210 initio
608 1185 758 1211 vocum
792 1177 888 1225 post
917 1171 1166 1224 pronomina
1194 1179 1236 1212 et
1263 1172 1517 1226 particulas,
1551 1187 1658 1226 quae
1687 1188 1712 1213 n

162 1242 381 1283 finientem
408 1249 614 1295 respuunt
644 1249 741 1282 ante
764 1242 926 1291 tenues,
957 1257 981 1283 a
1003 1243 1154 1296 quibus
1178 1243 1380 1284 inchoant
1402 1252 1622 1297 sequentes
1645 1259 1713 1284 vo-

162 1328 244 1354 ces.
290 1313 420 1353 Plura
448 1313 498 1351 de
528 1313 605 1353 hac
636 1312 884 1361 infectione,
916 1313 982 1353 vel
1013 1314 1181 1367 eclipsi,
1217 1315 1253 1355 si
1281 1315 1442 1355 utimur
1470 1315 1712 1355 denomina-

163 1384 275 1424 tione
295 1383 663 1437 grammaticorum
684 1383 1009 1434 hibernicorum,
1040 1384 1296 1426 destituente
1318 1385 1426 1426 infra
1446 1386 1491 1426 in
1513 1394 1714 1440 sequente

162 1454 313 1508 capite.

277 1529 315 1565 2.
350 1526 405 1565 In
425 1525 562 1566 medio
584 1534 625 1566 et
646 1528 729 1566 fine
751 1541 915 1567 vocum.
946 1529 989 1580 cc)
1014 1528 1066 1567 In
1087 1527 1309 1581 positione,
1330 1528 1375 1569 in
1393 1528 1711 1569 combinationi-

160 1599 238 1637 bus
261 1596 419 1636 scilicet
440 1612 505 1650 η),
525 1612 588 1650 sp,
610 1603 661 1646 st,
682 1613 739 1647 sc,
761 1605 801 1638 et
823 1613 919 1638 cum
935 1598 1089 1651 majore
1112 1599 1282 1653 quidem
1304 1600 1462 1654 aliquid
1484 1600 1645 1640 ambitu
1667 1601 1712 1640 in

161 1668 306 1721 lingua
327 1668 500 1721 gaelica,
527 1683 653 1722 quam
674 1668 909 1709 hibernica:
942 1669 1106 1709 hibern.
1130 1670 1239 1724 gael.
1265 1672 1426 1711 carbacl
1447 1673 1521 1724 (=
1540 1686 1710 1725 carpen-

161 1746 274 1787 tum3
309 1746 392 1778 vet.
427 1738 590 1779 hibern.
618 1746 766 1793 carpat
794 1739 838 1780 in
867 1739 1055 1780 Glossar.
1081 1742 1221 1781 Corm.
1255 1757 1322 1796 ap.
1350 1741 1515 1783 O'Don.
1541 1758 1583 1797 p.
1615 1748 1707 1793 151,

159 1825 286 1863 quam
318 1817 457 1849 tamen
489 1824 632 1850 vocem
664 1825 715 1850 ex
745 1811 890 1852 eodem
919 1811 1008 1852 loco
1040 1811 1152 1853 idem
1181 1812 1323 1853 scribit
1345 1814 1493 1855 carbat
1518 1829 1561 1868 p.
1592 1818 1706 1869 259).

159 1881 321 1921 hibern.
343 1880 503 1935 eczsboq,
524 1881 631 1934 gael.
654 1882 822 1936 easbm'q
841 1882 1100 1937 (episeopus;
1121 1890 1204 1923 vet.
1226 1886 1406 1938 epseop).
1426 1886 1534 1939 gael.
1561 1886 1714 1927 Criosd

159 1951 394 2005 (Christus3
422 1951 584 1991 hibern.
610 1959 692 1992 vet.
719 1955 837 2006 crist)
853 1986 864 2003 ,
890 1953 1054 1994 hibern.
1082 1954 1271 1995 liodjern.
1304 1956 1464 2006 Criost,
1491 1957 1564 1997 sed
1585 1956 1710 1998 crios-

158 2022 290 2063 daz'dlz
314 2022 619 2076 (christianus).
641 2022 852 2066 e'z‘scleaoht
867 2025 1076 2079 (auditus3
1098 2032 1180 2066 vet.
1202 2027 1387 2080 e'tseclet).
1413 2026 1577 2068 hibern.
1598 2028 1706 2082 gael.

159 2094 250 2148 ἕως]
273 2094 449 2147 (piscis).
495 2094 671 2134 Obtinet
694 2101 834 2135 tamen
855 2096 982 2137 etiam
1004 2112 1100 2151 corp
1124 2099 1327 2151 (corpus),
1349 2099 1581 2151 wopai-dhe
1605 2100 1710 2151 (cor-

158 2164 346 2218 poralis).
393 2165 499 2204 Tam
527 2164 684 2218 gaelice
716 2180 843 2219 quam
873 2166 1086 2208 hibernice
1116 2168 1243 2208 etiam
1272 2168 1317 2208 in
1349 2167 1470 2209 initio
1492 2184 1642 2210 vocum
1662 2185 1709 2225 sq

158 2235 202 2275 in
224 2250 305 2275 usu
327 2243 412 2285 est,
448 2250 483 2275 e.
508 2250 571 2289 gr.
597 2236 785 2290 Syaradla
816 2237 1039 2291 <separari3
1074 2246 1158 2279 vet.
1184 2239 1348 2280 hibern.
1373 2241 1568 2294 scarad),
1594 2242 1714 2296 sye'al

159 2306 353 2357 (nuntius
366 2323 376 2355 3
402 2314 556 2347 vetust.
582 2307 699 2359 scel),
721 2307 977 2361 897⁴2'0blm2‘7n
999 2309 1151 2362 (scribo
1164 2326 1173 2358 ;
1201 2318 1284 2351 vet.
1309 2311 1513 2365 scrz'bim),
1535 2313 1607 2353 sed
1623 2328 1709 2353 ma-

156 2376 220 2431 gis
241 2392 304 2430 sp,
331 2392 366 2417 e.
392 2392 454 2431 gr.
480 2378 655 2431 spe'orccd
675 2378 907 2433 (spiritus),
939 2395 1065 2433 quam
1085 2381 1145 2430 sb,
1172 2396 1278 2435 quae
1302 2388 1443 2423 tamen
1464 2390 1512 2423 ut
1532 2390 1574 2424 et
1594 2384 1648 2424 sd
1666 2384 1710 2424 in

158 2447 278 2488 initio
300 2447 513 2489 interdum
535 2449 728 2490 occurrit.
774 2450 1040 2491 Combinatio
1063 2451 1132 2493 obt
1154 2452 1311 2506 gaelice
1333 2467 1495 2508 semper
1515 2455 1620 2505 fere,
1647 2455 1709 2495 hi-

158 2518 324 2559 bernice
345 2520 478 2561 rarius
501 2528 563 2561 est
585 2520 688 2561 cled.-
712 2519 875 2561 hibern.
901 2522 1058 2573 reacht,
1084 2523 1192 2577 gael.
1218 2524 1377 2564 reachd
1397 2524 1516 2579 (lex),
1542 2525 1705 2566 hibern.

157 2590 310 2639 secedet,
331 2591 439 2644 gael.
455 2592 612 2632 seaclzcl
626 2593 839 2646 (septem),
861 2592 1023 2634 hibern.
1041 2594 1268 2635 claoz'neacle
1276 2601 1303 2644 t,
1324 2595 1431 2649 gael.
1449 2595 1712 2637 claoineaolad

162 2660 439 2714 (populatio);
466 2669 655 2703 attamen
677 2662 804 2704 etiam
824 2663 1059 2706 hibernico:
1086 2666 1198 2707 achel
1217 2667 1348 2719 (sed),
1374 2666 1487 2707 uchel
1507 2668 1705 2721 (pectus),

160 2731 390 2772 umhlaelzd
409 2733 678 2787 (humilitas).
724 2735 1067 2777 Combinationes
1091 2737 1136 2787 lt,
1164 2737 1214 2786 lc,
1241 2743 1295 2786 rt,
1320 2752 1379 2786 re,
1405 2743 1453 2777 nt
1476 2738 1710 2791 persistunt

159 2816 245 2842 non
268 2802 404 2843 solum
426 2803 660 2854 hibernice,
687 2807 758 2846 sed
781 2805 907 2847 etiam
936 2807 1115 2861 gaelice:
1150 2808 1213 2848 alt
1234 2808 1402 2861 (artus),
1430 2808 1492 2849 olo
1515 2809 1704 2864 (malus),
