1897 3072
804 115 1064 144 PRAI‹2FAT10.
1662 108 1720 142 IX

166 219 259 279 ipsi
280 235 415 264 suam
436 218 656 280 linguam
676 217 939 278 appellant,
967 218 1129 263 media
1149 218 1384 279 excussa),
1404 233 1528 276 quae
1551 233 1721 276 quam—

167 298 238 343 118
265 303 371 343 tuta
395 297 447 342 in
473 297 582 343 altis
601 297 791 357 alpibus
810 296 1075 342 vetustiora
1104 302 1421 342 monumenta
1439 312 1537 341 non
1562 312 1721 340 serva-

167 375 260 429 vit,
303 382 518 421 attamen
558 375 610 420 in
635 381 827 421 vetusta
859 375 1112 421 hibernica
1143 374 1517 420 fundamentum
1549 375 1715 419 habet.

167 454 340 500 Altera
365 460 436 500 est
460 456 491 500 b
506 454 665 500 ritan
676 454 773 500 nic
788 471 815 500 a
833 455 1018 516 lingua,
1046 454 1125 500 cui
1143 454 1416 515 proximam
1437 452 1720 514 gallicam

165 534 422 593 priscam
453 531 600 578 fuisse
627 534 1010 579 demonstratum
1036 539 1127 587 est,
1169 538 1217 578 et
1254 549 1281 577 a
1307 548 1403 591 qua
1427 535 1721 591 propagatae

167 618 281 657 sunt
306 612 615 665 cambrica,
650 612 902 664 00111100,
936 612 1246 664 armorica,
1280 627 1404 670 quae
1425 625 1590 655 omnes
1612 624 1722 669 pos-

167 691 326 736 sident
351 696 667 736 monumenta
690 690 800 750 plus
826 690 904 735 vel
929 690 1088 736 minus
1113 695 1316 742 vetusta,
1349 690 1486 734 11100
1508 694 1555 733 et
1574 687 1719 732 hodie

166 769 218 814 in
255 784 335 813 ore
368 768 562 829 populi,
607 768 796 828 scriptis
831 774 880 813 et
906 769 1226 821 carminibus,
1267 774 1472 827 excepta
1507 766 1712 816 comica,

167 863 291 906 quae
324 847 429 908 jam
468 846 796 907 praeterlapso
840 848 1033 893 saeculo
1071 847 1219 893 etiam
1252 846 1304 891 in
1342 846 1467 909 11018
1510 844 1723 905 regionis

166 925 442 971 Cornubiae
469 925 626 970 audiri
652 925 810 971 desiit.
829 926 856 953 ἠὲ

268 1004 463 1049 Harum
482 1004 777 1065 linguarum,
798 1012 854 1051 ut
870 1012 1064 1052 exstant
1079 1005 1241 1057 hodie,
1266 1018 1591 1062 unaquaeque
1613 1016 1721 1046 suos

166 1081 374 1127 cultores
401 1088 450 1128 et
475 1083 792 1143 descriptores
818 1084 1027 1136 invenit,
1069 1085 1155 1145 qui
1185 1084 1433 1129 interdum
1467 1082 1614 1126 etiam
1641 1095 1722 1124 ve-

167 1162 426 1206 tustiorum
463 1167 890 1208 monumentorum
914 1165 1153 1209 rationem
1177 1163 1474 1207 habuerunt.
1539 1159 1724 1204 Hiber-

166 1239 276 1285 nica
301 1256 344 1286 e.
376 1257 468 1301 gr.‚
500 1245 609 1300 post
634 1241 747 1286 Mac
774 1243 949 1288 Curtin
976 1243 1011 1304 Γ
1027 1244 1132 1288 The
1160 1242 1394 1287 elements
1420 1237 1474 1284 of
1494 1239 1577 1283 the
1603 1237 1721 1281 irish

165 1318 425 1380 language.
466 1321 655 1366 Lovain
687 1322 881 1383 1728‘7,
922 1323 1131 1368 O'Brien
1170 1322 1256 1380 sf‘A
1291 1316 1524 1380 practica]
1563 1332 1724 1376 gram-

167 1414 271 1442 mar
296 1397 350 1442 of
370 1400 452 1444 the
478 1399 596 1444 irish
616 1399 877 1460 language.
919 1400 1108 1446 Dublin
1134 1399 1300 1459 moa]-
1323 1397 1556 1454 ahosque,
1582 1410 1722 1455 prae-

166 1476 367 1536 cipuum
410 1478 895 1529 O’Donovanum,
954 1479 1091 1540 cujus
1142 1478 1267 1523 liber
1314 1475 1575 1534 inscriptus
1619 1478 1715 1517 est:

163 1555 238 1599 “A
263 1571 505 1616 grammar
525 1555 580 1602 of
599 1557 681 1602 the
708 1557 827 1603 irish
851 1557 1111 1618 1011811080,
1142 1555 1405 1616 published
1430 1553 1503 1598 for
1529 1553 1611 1597 the
1637 1566 1722 1595 use

167 1631 221 1678 of
241 1635 323 1678 the
349 1635 508 1680 senior
533 1635 704 1680 classes
730 1636 783 1681 in
808 1636 890 1680 the
918 1636 1101 1697 college
1128 1633 1182 1680 of
1194 1634 1266 1679 St.
1285 1632 1540 1678 Columba.
1583 1629 1723 1674 Dub-

165 1711 236 1756 lin
275 1711 457 1758 1845.”
528 1714 892 1759 Vocabulorum
928 1714 1031 1775 ejus
1067 1713 1266 1773 linguae
1304 1728 1401 1756 non
1442 1710 1598 1755 solum
1634 1708 1721 1751 ho—

166 1790 362 1835 diernae
388 1791 577 1851 copiam
613 1793 697 1837 sed
723 1793 870 1838 etiam
896 1793 1087 1852 saepius
1114 1808 1139 1836 e
1165 1790 1366 1836 vetustis
1392 1786 1721 1834 monumentis

165 1868 419 1915 collectam
455 1870 596 1916 offert
633 1871 851 1916 lexicon:
892 1872 1003 1917 “An
1034 1869 1392 1929 irish-english
1429 1867 1715 1924 dictionary.

166 1948 237 1992 To
262 1949 424 1993 which
449 1949 488 1993 is
515 1951 738 1994 annexed
763 1966 791 1994 a
816 1949 1161 2009 compendious
1186 1949 1305 1994 irish
1331 1961 1590 2009 grammar.
1649 1943 1721 2003 By

165 2026 376 2072 Edward
401 2027 696 2090 O’Reilly.
750 2027 939 2073 Dublin
972 2028 1154 2073 182l.'’

166 2202 213 2235 sit
235 2202 327 2236 illud
344 2204 497 2247 primum
510 2231 517 2245 ‚
548 2211 740 2239 occurrunt
758 2206 795 2239 in
814 2206 934 2239 codice
953 2205 1136 2239 hibernico
1156 2206 1264 2239 Stow.
1286 2207 1318 2237 4.
1338 2216 1394 2249 ap.
1416 2203 1551 2237 O'Con.
1577 2204 1604 2241 1,
1634 2200 1719 2233 Pro*

165 2258 236 2303 leg.
257 2258 307 2300 II,
328 2271 362 2304 p.
383 2260 499 2293 XCVI
517 2261 554 2293 in
572 2261 788 2295 dictionibus
814 2262 974 2307 repetitis
1002 2262 1080 2295 elan
1109 2274 1154 2294 mc
1174 2262 1276 2301 ›Sc-ot,
1305 2261 1408 2293 elamz
1434 2271 1480 2292 πα
1498 2257 1619 2292 Fened
1644 2255 1719 2300 (filii

167 2313 373 2355 Scotorum,
410 2316 672 2362 Venedorum),
709 2317 838 2362 quibus
866 2318 970 2363 primi
1004 2319 1039 2351 in
1067 2318 1244 2351 Hibernia
1275 2318 1432 2351 advenae
1459 2314 1717 2359 significantur.

165 2370 265 2403 Haec
297 2370 409 2404 forma
432 2372 554 2406 Fened
578 2373 606 2407 81
632 2378 728 2407 recta
754 2379 807 2406 est
836 2373 935 2418 (alias
953 2375 1068 2415 Fene,
1098 2374 1207 2408 Fez'ne
1233 2375 1365 2419 legitur
1391 2371 1602 2414 duntaxat),
1640 2379 1719 2401 cum

165 2427 297 2460 cambr.
323 2429 520 2472 G'eeynecld,
550 2429 749 2469 Venedote'a,
772 2430 985 2463 conferenda
1003 2436 1067 2464 est.

256 2484 272 2499 ³*
296 2484 376 2517 Jam
394 2497 456 2529 per
473 2486 652 2519 saeculum
674 2486 850 2519 decimum
864 2487 1052 2531 septimum
1066 2487 1169 2521 desiit
1191 2498 1264 2520 esse
1279 2485 1476 2519 communis
1490 2485 1625 2528 lingua,
1647 2480 1717 2514 usi-

164 2543 238 2572 tata
256 2544 395 2573 tantum
414 2540 448 2574 in
468 2542 589 2586 paucis
608 2542 821 2586 quibusdam
834 2547 870 2575 et
880 2543 1025 2576 remotis
1046 2543 1146 2577 locis.
1174 2543 1318 2576 Dicitur
1338 2547 1455 2575 tamen
1475 2541 1582 2585 hujus
1597 2536 1719 2582 populi

164 2595 290 2628 ultima
319 2597 480 2631 cornicae
507 2598 651 2642 linguae
677 2610 787 2642 gnara
804 2599 915 2643 Dolly
933 2599 1127 2632 Pentreath
1139 2626 1146 2640 ‚
1176 2599 1360 2633 Dorothea
1377 2599 1417 2631 P.
1434 2624 1441 2639 ,
1471 2609 1559 2642 quae
1579 2594 1668 2627 obiit
1685 2605 1716 2626 a·

167 2653 253 2685 1778
272 2658 355 2685 nata
372 2665 483 2687 annos
505 2657 566 2687 102
597 2654 664 2699 (Cf.
685 2654 794 2687 libros
813 2655 1022 2699 inscriptos:
1039 2654 1272 2700 “Specimens
1301 2656 1340 2688 of
1363 2655 1503 2688 cornish
1523 2650 1718 2698 provincial

164 2706 304 2746 dialect,
326 2707 371 2752 by
390 2709 501 2743 Uncle
519 2710 586 2743 Jan
605 2711 836 2744 Treenoodle.
864 2712 980 2744 Lond.
1006 2711 1134 2753 isus,
1163 2725 1197 2757 p.
1224 2715 1302 2744 l->1
1322 2738 1328 2751 ,
1359 2717 1393 2744 ct
1415 2710 1432 2719 “
1449 2711 1522 2743 The
1541 2707 1654 2742 Circle
1681 2718 1719 2739 or

163 2762 346 2796 historical
372 2776 499 2812 survey
524 2766 564 2799 of
584 2766 679 2812 sixty
707 2766 865 2811 parishes
890 2767 960 2801 and
987 2773 1099 2802 towns
1127 2769 1162 2802 in
1182 2767 1368 2802 Cornu-au.
1413 2766 1564 2799 Ilelston
1588 2760 1714 2802 15519’3

163 2829 197 2862 p.
222 2819 314 2863 195).
