1897 3072
476 84 512 122 Ι.
555 87 588 122 l.
653 96 875 123 CONsoNAE
899 94 1198 122 BRITANNICAE
1222 94 1407 120 MEDIAE.
1638 83 1716 121 167

169 198 220 238 cf.
246 198 319 237 lat.
344 196 464 246 strix,
491 196 657 250 striyis,
683 196 822 245 ulula,
855 195 1052 249 harpyia,
1077 195 1190 234 unde
1219 194 1389 248 scriptio
1419 194 1549 235 strica
1579 202 1642 235 est
1670 204 1718 236 ut

171 268 306 320 leuca)
330 267 374 307 in
395 266 558 321 glossis,
584 266 690 308 stria
712 267 756 306 in
777 267 868 320 lege
892 266 1029 306 Salica
1042 282 1053 314 3
1079 265 1180 306 item
1202 265 1316 305 canis
1341 265 1558 319 Sequse'us,
1585 281 1608 306 a
1629 266 1715 320 gal—

167 339 247 379 lica
274 346 399 392 gente
429 338 749 386 denominatus,
775 337 888 391 apud
907 336 1137 376 Arrianum
1167 343 1208 377 et
1238 336 1283 376 111
1311 336 1403 389 lege
1424 336 1711 390 Bul-gundica,

167 409 240 464 qui
270 409 316 449 in
347 409 438 463 lege
461 409 598 449 Salica
628 416 670 449 et
688 408 1024 448 Alamannorum
1045 407 1198 448 dicitur
1222 406 1396 447 Sessias
1429 408 1560 459 (unde
1581 422 1711 461 germ.

166 487 249 521 vet.
284 480 418 529 εἴπεο,
459 494 576 528 susc,
609 486 657 518 ut
696 479 802 518 bene
837 493 903 518 me
939 485 1084 518 monet
1122 477 1376 533 Hauptius).
1435 478 1513 518 Est
1547 478 1716 532 quidem

166 551 369 605 oppidum
405 550 596 604 alpinum
633 549 807 603 Scyle-sio
845 550 959 602 apud
991 548 1104 589 Plin.
1131 550 1201 600 (3,
1233 551 1301 601 17)
1334 556 1375 589 et
1403 548 1448 588 in
1478 549 1608 598 Itin.,
1645 551 1717 590 sed

166 623 278 675 apud
302 620 491 661 Plinium
513 619 659 673 populi
682 620 891 667 Secusses,
920 618 1145 659 Secusiani
1163 619 1281 660 liberi
1305 621 1364 672 (3,
1393 623 1459 659 20.
1487 625 1526 669 4,
1556 624 1630 669 183
1660 621 1712 660 cf.

166 691 329 731 hibern.
355 698 436 730 vet.
462 689 630 738 sechim,
658 688 817 742 sequi),
851 703 978 742 quam
1006 690 1058 729 ob
1086 704 1174 729 rem
1203 690 1304 730 haec
1328 704 1408 730 vox
1430 690 1539 730 int-er
1569 697 1715 732 tenues

164 761 296 816 possit
323 760 478 800 referri.
520 758 727 812 Exempla
757 773 879 812 porro
909 759 1141 800 recentiora
1169 774 1368 800 excussae
1397 776 1483 801 non
1513 762 1650 802 solum
1668 778 1711 817 9,

164 833 236 873 sed
257 831 383 871 etiam
404 830 582 870 aliarum
598 829 846 878 mediarum,
868 844 954 870 non
975 829 1281 884 infrequentia:
1309 831 1421 871 teula
1443 832 1517 884 (=
1535 833 1711 885 tegula),

163 918 184 943 e
214 917 296 956 quo
328 901 502 942 teulerz'a
534 901 792 954 (tegularum
814 900 1002 950 officina,
1028 902 1141 941 unde
1171 916 1326 942 nomen
1346 902 1494 956 palatii
1515 903 1716 944 Parisiaci

168 972 408 1025 Tm'lleries)
431 971 476 1011 in
497 971 642 1011 charta
671 986 709 1011 a.
740 974 844 1010 1322
869 986 936 1025 ap.
964 972 1117 1026 Cang.,
1145 972 1320 1013 tulerim
1346 976 1449 1027 (teg.
1474 974 1714 1027 fabricator)

168 1047 288 1093 1352,
314 1043 495 1083 mer-lare
526 1042 642 1095 (hod.
668 1041 767 1095 gall.
794 1042 975 1091 marler,
1001 1057 1121 1096 agros
1142 1044 1296 1093 merla,
1323 1058 1396 1084 seu
1418 1059 1582 1099 marga,
1607 1060 1714 1086 mar-

161 1114 247 1168 gila
276 1114 546 1166 stercorare),
572 1112 724 1161 meala,
750 1112 899 1153 mailla
922 1114 995 1165 (Ξ
1016 1114 1184 1154 medala
1210 1118 1331 1164 1132,
1357 1116 1598 1156 minutioris
1627 1132 1714 1157 mo-

160 1192 282 1225 netae
305 1184 479 1238 species)
502 1198 539 1223 a.
571 1187 692 1223 1144.
722 1188 844 1232 1159,
872 1184 1029 1224 Savoia
1054 1187 1128 1238 (=
1149 1185 1377 1239 Sabaudia)
1400 1186 1444 1227 in
1466 1187 1620 1227 chartis
1643 1204 1710 1242 ap.

161 1257 296 1309 Cang.
341 1254 583 1295 Hodiernae
604 1254 778 1307 gallicae
799 1254 968 1308 linguae
991 1257 1205 1310 exempla:
1241 1258 1370 1297 Loz're
1392 1258 1580 1312 (Liger),
1608 1259 1715 1299 liene

161 1327 338 1379 (leuga),
369 1324 529 1365 Caleors
553 1325 786 1378 (Cadurci),
812 1327 925 1366 Oeten
949 1327 1237 1380 (cadomum),
1264 1342 1409 1383 moyen
1435 1329 1709 1382 (medianus),

161 1395 274 1436 demi
294 1394 545 1448 (dimidius),
572 1394 705 1435 croire
728 1397 945 1449 (credere),
973 1396 1083 1437 boire
1106 1397 1298 1451 (bibere).

274 1466 295 1505 I
308 1465 396 1505 nse
409 1480 429 1504 c
441 1472 457 1504 t
468 1465 514 1505 io
527 1465 607 1505 nis
643 1481 672 1505 11
685 1481 708 1506 a
719 1481 737 1507 s
750 1467 853 1507 alis
889 1467 1163 1517 britannicae,
1189 1483 1272 1522 qua
1299 1477 1478 1523 pereunt
1505 1471 1667 1512 mediae
1690 1472 1711 1512 b

160 1544 202 1577 61
233 1537 263 1577 cl
290 1535 334 1576 111
366 1535 644 1589 positionibus
674 1537 888 1578 nasalibus
912 1539 997 1578 ΜΒ
1020 1545 1061 1578 61
1082 1539 1182 1588 ND,
1208 1539 1294 1580 sive
1315 1540 1455 1594 potius
1478 1541 1711 1582 assimilan-

161 1614 243 1656 tur,
269 1606 390 1646 initia
411 1605 687 1648 inveniuntur
702 1607 790 1661 jam
813 1609 1063 1658 vetustiora,
1090 1624 1125 1649 e.
1145 1624 1208 1664 gr.
1234 1611 1279 1651 in
1301 1611 1518 1652 cambricis
1540 1613 1711 1654 vocibus

160 1692 228 1718 am
251 1676 460 1730 (circum),
488 1693 578 1718 cam
601 1680 790 1731 (curvus)
814 1679 858 1718 in
879 1680 1119 1734 compositis
1141 1680 1309 1731 amlaz's,
1330 1683 1584 1737 amynaubot
1602 1683 1712 1724 inter

158 1748 316 1803 glossas
349 1746 636 1797 Oxonienses,
672 1751 874 1790 camdabr
894 1750 940 1790 in
971 1751 1111 1791 codice
1143 1751 1369 1802 Liehfeld„
1404 1753 1450 1793 in
1481 1754 1563 1808 adj.
1596 1755 1706 1809 plur.

159 1817 329 1858 crom‘on
353 1817 428 1871 (gl.
455 1818 619 1867 assiles3
646 1819 674 1859 i.
695 1835 731 1860 e.
757 1821 946 1874 rotundi)
968 1822 1026 1876 gl.
1053 1823 1180 1872 be.,
1206 1830 1248 1863 et
1268 1823 1313 1864 in
1334 1823 1476 1864 formis
1499 1825 1711 1866 armoricis

153 1889 272 1943 quin,
298 1888 405 1938 κοίη,
427 1904 561 1943 quen,
587 1904 675 1930 wen
698 1891 858 1944 (albus,
885 1892 1018 1946 alba),
1051 1893 1183 1934 obviis
1213 1893 1258 1935 in
1279 1895 1522 1936 nominibus
1544 1911 1709 1951 compo-

157 1960 247 2000 sitis
277 1960 625 2014 frequentissimis
655 1961 700 2001 in
727 1961 980 2004 chartulario
1002 1964 1292 2015 Rhedonensi,
1318 1966 1470 2020 quibus
1492 1966 1712 2021 subjacent

156 2031 404 2071 vetustiores
426 2045 552 2081 amm,
578 2032 687 2081 amb,
714 2046 863 2083 camm,
889 2035 1021 2085 camb,
1048 2050 1190 2085 cronn,
1218 2038 1360 2086 crond,
1382 2037 1533 2091 quina,
1554 2038 1706 2092 quinci,

152 2116 307 2155 quemn,
329 2102 472 2155 queml
492 2102 562 2154 (cf.
588 2118 630 2157 p.
655 2105 741 2156 75).

271 2171 449 2211 Infectio
466 2172 620 2212 nasalis
643 2173 909 2214 cambrica.
948 2180 983 2215 1.
1010 2177 1064 2216 In
1083 2177 1204 2218 initio
1221 2193 1386 2229 vocum,
1404 2179 1438 2219 si
1450 2181 1568 2221 adest
1585 2196 1710 2222 causa

156 2241 363 2291 inficiens,
388 2242 431 2282 id
452 2249 515 2282 est
535 2258 563 2283 n
583 2245 834 2296 praecedens
850 2246 1154 2299 particularum
1170 2264 1240 2299 cm,
1257 2265 1345 2299 con,
1361 2265 1453 2305 eyn,
1467 2266 1539 2306 yn,
1557 2252 1710 2305 quibus

157 2311 315 2352 accedit
331 2326 562 2365 pronomen
579 2329 757 2368 possess.
778 2330 843 2370 vy,
860 2316 946 2356 sive
963 2327 1080 2359 extra
1096 2320 1442 2374 compositionem
1458 2321 1503 2361 in
1520 2330 1709 2363 constru-

155 2382 293 2423 ctione
320 2384 536 2434 sermonis,
563 2384 649 2425 sive
680 2385 725 2425 in
754 2387 1054 2440 compositione
1075 2389 1119 2430 in
1141 2390 1263 2431 initio
1286 2394 1493 2433 secundae
1515 2393 1641 2443 vocis,
1668 2409 1704 2434 e.

154 2468 216 2507 gr.
243 2460 392 2507 cymwt
413 2455 664 2509 (districtus)
689 2458 804 2497 Mab.
829 2461 867 2507 2,
892 2461 986 2508 372,
1009 2461 1121 2513 quod
1141 2461 1186 2502 in
1208 2462 1461 2504 chartulario
1480 2464 1620 2504 Rhed.
1647 2471 1710 2504 est

155 2523 291 2563 adhuc
309 2525 478 2566 combot.
507 2527 714 2581 Exempla
730 2527 775 2568 in
792 2536 993 2583 sequente
1010 2531 1145 2586 capite
1162 2534 1240 2573 sub
1257 2534 1335 2575 IV.
1357 2549 1529 2575 conson.
1549 2535 1704 2574 cambr.

271 2597 308 2634 2.
343 2595 397 2634 In
427 2596 565 2637 medio
597 2604 638 2637 et
658 2599 742 2639 fine
764 2614 914 2640 vocum
935 2601 1105 2655 scriptio
1126 2602 1306 2657 simplex
1327 2619 1367 2645 m
1387 2620 1462 2660 pro
1484 2603 1708 2658 originaria

156 2664 221 2703 mh
244 2663 366 2705 solita
388 2672 463 2714 est,
488 2673 536 2706 ut
556 2666 646 2721 jam
668 2668 713 2709 in
734 2670 905 2711 vocibus
928 2686 1011 2721 am,
1037 2687 1128 2714 cam
1150 2674 1427 2714 vetustiorum
1447 2675 1702 2728 glossarum:

160 2734 281 2788 amyl
301 2735 495 2787 (multus,
520 2753 768 2781 numerosus
781 2757 792 2789 3
817 2740 980 2782 hibern.
1001 2750 1084 2784 vet.
1110 2743 1260 2794 imbcle,
1283 2744 1405 2793 imde,
1430 2760 1472 2799 p.
1498 2747 1566 2798 75)
1590 2747 1706 2787 Mab.

157 2807 203 2853 2,
233 2810 299 2845 64.
343 2807 503 2861 Amyr,
543 2809 671 2850 Amir
709 2810 845 2863 (fluvii
883 2827 1061 2862 nomen3
1103 2815 1155 2855 cf.
1188 2816 1365 2865 Amber,
1397 2816 1553 2857 Ambre
1582 2817 1705 2868 Itin.,
