<?xml version="1.0" encoding="UTF-8"?>
<!DOCTYPE html PUBLIC "-//W3C//DTD XHTML 1.0 Transitional//EN"
    "http://www.w3.org/TR/xhtml1/DTD/xhtml1-transitional.dtd">
<html xmlns="http://www.w3.org/1999/xhtml" xml:lang="en" lang="en">
 <head>
  <title>
</title>
<meta http-equiv="Content-Type" content="text/html;charset=utf-8" />
  <meta name='ocr-system' content='tesseract 3.04.00' />
  <meta name='ocr-capabilities' content='ocr_page ocr_carea ocr_par ocr_line ocrx_word'/>
</head>
<body>
  <div class='ocr_page' id='page_1' title='image "./grammaticaceltic01zeusuoft_0449.png"; bbox 0 0 1897 3072; ppageno 0'>
   <div class='ocr_carea' id='block_1_1' title="bbox 429 179 1711 219">
    <p class='ocr_par' dir='ltr' id='par_1_1' title="bbox 429 179 1711 219">
     <span class='ocr_line' id='line_1_1' title="bbox 429 179 1711 219; baseline 0 -1"><span class='ocrx_word' id='word_1_1' title='bbox 429 179 488 218; x_wconf 89' lang='grc' dir='ltr'>ΙΙ.</span> <span class='ocrx_word' id='word_1_2' title='bbox 516 184 554 217; x_wconf 77' lang='lat'>4.</span> <span class='ocrx_word' id='word_1_3' title='bbox 622 192 752 219; x_wconf 71' lang='lat' dir='ltr'>PRoN.</span> <span class='ocrx_word' id='word_1_4' title='bbox 781 192 896 218; x_wconf 75' lang='lat' dir='ltr'>BRIT.</span> <span class='ocrx_word' id='word_1_5' title='bbox 926 192 1178 219; x_wconf 76' lang='lat' dir='ltr'>PERsONALE</span> <span class='ocrx_word' id='word_1_6' title='bbox 1201 193 1443 219; x_wconf 68' lang='lat' dir='ltr'>SUFFIXUM.</span> <span class='ocrx_word' id='word_1_7' title='bbox 1633 181 1711 219; x_wconf 81' lang='grc'>387</span> 
     </span>
    </p>
   </div>
   <div class='ocr_carea' id='block_1_2' title="bbox 157 291 1715 3000">
    <p class='ocr_par' dir='ltr' id='par_1_2' title="bbox 163 291 1713 557">
     <span class='ocr_line' id='line_1_2' title="bbox 279 291 1713 347; baseline 0 -16"><span class='ocrx_word' id='word_1_8' title='bbox 279 293 428 345; x_wconf 83' lang='lat' dir='ltr'>Praep.</span> <span class='ocrx_word' id='word_1_9' title='bbox 453 307 480 347; x_wconf 74' lang='lat' dir='ltr'><strong><em>y</em></strong></span> <span class='ocrx_word' id='word_1_10' title='bbox 503 294 575 344; x_wconf 59' lang='grc' dir='ltr'>(Ξ</span> <span class='ocrx_word' id='word_1_11' title='bbox 597 292 656 341; x_wconf 71' lang='lat' dir='ltr'>di,</span> <span class='ocrx_word' id='word_1_12' title='bbox 681 291 844 332; x_wconf 87' lang='lat' dir='ltr'>hibern.</span> <span class='ocrx_word' id='word_1_13' title='bbox 872 292 941 344; x_wconf 81' lang='lat' dir='ltr'>do)</span> <span class='ocrx_word' id='word_1_14' title='bbox 963 306 1060 331; x_wconf 82' lang='lat' dir='ltr'>cum</span> <span class='ocrx_word' id='word_1_15' title='bbox 1090 291 1337 345; x_wconf 81' lang='lat' dir='ltr'>pronomine</span> <span class='ocrx_word' id='word_1_16' title='bbox 1368 292 1411 331; x_wconf 86' lang='lat' dir='ltr'>in</span> <span class='ocrx_word' id='word_1_17' title='bbox 1440 301 1567 332; x_wconf 57' lang='lat' dir='ltr'>masc}</span> <span class='ocrx_word' id='word_1_18' title='bbox 1599 294 1713 347; x_wconf 74' lang='lat' dir='ltr'>ydcm</span> 
     </span>
     <span class='ocr_line' id='line_1_3' title="bbox 166 361 1710 417; baseline 0.001 -15"><span class='ocrx_word' id='word_1_19' title='bbox 166 364 267 413; x_wconf 73' lang='lat' dir='ltr'>Leg.</span> <span class='ocrx_word' id='word_1_20' title='bbox 294 362 404 402; x_wconf 69' lang='lat' dir='ltr'><em>iclaw</em></span> <span class='ocrx_word' id='word_1_21' title='bbox 428 363 562 412; x_wconf 62' lang='lat' dir='ltr'>Mab„</span> <span class='ocrx_word' id='word_1_22' title='bbox 589 362 634 402; x_wconf 92' lang='lat' dir='ltr'>in</span> <span class='ocrx_word' id='word_1_23' title='bbox 662 362 760 402; x_wconf 86' lang='lat' dir='ltr'>fem.</span> <span class='ocrx_word' id='word_1_24' title='bbox 784 363 869 417; x_wconf 75' lang='lat' dir='ltr'>ydy</span> <span class='ocrx_word' id='word_1_25' title='bbox 892 363 994 415; x_wconf 78' lang='lat' dir='ltr'>Leg.</span> <span class='ocrx_word' id='word_1_26' title='bbox 1021 361 1087 402; x_wconf 71' lang='lat' dir='ltr'>idi</span> <span class='ocrx_word' id='word_1_27' title='bbox 1106 363 1222 402; x_wconf 81' lang='lat' dir='ltr'>Mab.</span> <span class='ocrx_word' id='word_1_28' title='bbox 1247 362 1486 415; x_wconf 83' lang='lat' dir='ltr'>frequenter</span> <span class='ocrx_word' id='word_1_29' title='bbox 1517 363 1710 403; x_wconf 81' lang='lat' dir='ltr'>occurrit.</span> 
     </span>
     <span class='ocr_line' id='line_1_4' title="bbox 165 431 1710 484; baseline -0.001 -10"><span class='ocrx_word' id='word_1_30' title='bbox 165 435 315 474; x_wconf 79' lang='lat' dir='ltr'>Forma</span> <span class='ocrx_word' id='word_1_31' title='bbox 344 432 546 474; x_wconf 83' lang='lat' dir='ltr'>vetustior</span> <span class='ocrx_word' id='word_1_32' title='bbox 576 433 673 472; x_wconf 88' lang='lat' dir='ltr'>fem.</span> <span class='ocrx_word' id='word_1_33' title='bbox 709 431 802 473; x_wconf 68' lang='lat' dir='ltr'><em>dida·</em></span> <span class='ocrx_word' id='word_1_34' title='bbox 831 432 919 481; x_wconf 85' lang='lat' dir='ltr'>(ei,</span> <span class='ocrx_word' id='word_1_35' title='bbox 954 431 1178 484; x_wconf 80' lang='lat' dir='ltr'>ecclesiae)</span> <span class='ocrx_word' id='word_1_36' title='bbox 1210 432 1347 472; x_wconf 77' lang='lat' dir='ltr'>adhuc</span> <span class='ocrx_word' id='word_1_37' title='bbox 1380 433 1423 473; x_wconf 85' lang='lat' dir='ltr'>in</span> <span class='ocrx_word' id='word_1_38' title='bbox 1455 434 1548 474; x_wconf 91' lang='lat' dir='ltr'><strong>Lib.</strong></span> <span class='ocrx_word' id='word_1_39' title='bbox 1577 435 1710 474; x_wconf 80' lang='lat' dir='ltr'>Laud.</span> 
     </span>
     <span class='ocr_line' id='line_1_5' title="bbox 163 509 327 557; baseline 0 -14"><span class='ocrx_word' id='word_1_40' title='bbox 163 519 205 557; x_wconf 86' lang='lat' dir='ltr'>p.</span> <span class='ocrx_word' id='word_1_41' title='bbox 236 509 327 543; x_wconf 90' lang='lat'>113.</span> 
     </span>
    </p>

    <p class='ocr_par' dir='ltr' id='par_1_3' title="bbox 170 573 1709 699">
     <span class='ocr_line' id='line_1_6' title="bbox 279 573 1709 629; baseline 0 -14"><span class='ocrx_word' id='word_1_42' title='bbox 279 574 438 615; x_wconf 73' lang='lat' dir='ltr'>Positio</span> <span class='ocrx_word' id='word_1_43' title='bbox 461 573 683 627; x_wconf 81' lang='lat' dir='ltr'>ampliata:</span> <span class='ocrx_word' id='word_1_44' title='bbox 719 588 857 615; x_wconf 68' lang='lat' dir='ltr'>arnan</span> <span class='ocrx_word' id='word_1_45' title='bbox 879 574 936 628; x_wconf 62' lang='lat' dir='ltr'>ef,</span> <span class='ocrx_word' id='word_1_46' title='bbox 964 574 1179 614; x_wconf 65' lang='lat' dir='ltr'>(andanem</span> <span class='ocrx_word' id='word_1_47' title='bbox 1201 574 1254 628; x_wconf 81' lang='lat' dir='ltr'>ef</span> <span class='ocrx_word' id='word_1_48' title='bbox 1267 574 1370 628; x_wconf 80' lang='lat' dir='ltr'>Leg.</span> <span class='ocrx_word' id='word_1_49' title='bbox 1397 574 1507 615; x_wconf 68' lang='lat' dir='ltr'>idaeo</span> <span class='ocrx_word' id='word_1_50' title='bbox 1528 576 1581 629; x_wconf 61' lang='lat' dir='ltr'>“{f</span> <span class='ocrx_word' id='word_1_51' title='bbox 1594 576 1709 615; x_wconf 81' lang='lat' dir='ltr'>Mab.</span> 
     </span>
     <span class='ocr_line' id='line_1_7' title="bbox 170 643 1628 699; baseline 0.001 -17"><span class='ocrx_word' id='word_1_52' title='bbox 170 650 203 693; x_wconf 87' lang='grc'>1,</span> <span class='ocrx_word' id='word_1_53' title='bbox 231 650 270 684; x_wconf 87' lang='grc'><strong>4.</strong></span> <span class='ocrx_word' id='word_1_54' title='bbox 294 645 408 699; x_wconf 69' lang='lat' dir='ltr'>ydlegs</span> <span class='ocrx_word' id='word_1_55' title='bbox 431 644 485 699; x_wconf 72' lang='lat' dir='ltr'>hy</span> <span class='ocrx_word' id='word_1_56' title='bbox 509 644 579 693; x_wconf 82' lang='lat' dir='ltr'>(ei,</span> <span class='ocrx_word' id='word_1_57' title='bbox 605 643 791 698; x_wconf 80' lang='lat' dir='ltr'>reginae)</span> <span class='ocrx_word' id='word_1_58' title='bbox 815 646 917 697; x_wconf 79' lang='lat' dir='ltr'>Leg.</span> <span class='ocrx_word' id='word_1_59' title='bbox 948 649 984 683; x_wconf 91' lang='lat'>1.</span> <span class='ocrx_word' id='word_1_60' title='bbox 1012 648 1050 683; x_wconf 83' lang='lat'>3.</span> <span class='ocrx_word' id='word_1_61' title='bbox 1080 648 1116 683; x_wconf 87' lang='lat'>1.</span> <span class='ocrx_word' id='word_1_62' title='bbox 1142 644 1235 685; x_wconf 75' lang='lat' dir='ltr'>erni</span> <span class='ocrx_word' id='word_1_63' title='bbox 1255 644 1303 684; x_wconf 64' lang='lat' dir='ltr'>lez·</span> <span class='ocrx_word' id='word_1_64' title='bbox 1323 645 1438 685; x_wconf 80' lang='lat' dir='ltr'>Mab.</span> <span class='ocrx_word' id='word_1_65' title='bbox 1469 650 1504 694; x_wconf 92' lang='lat'>1,</span> <span class='ocrx_word' id='word_1_66' title='bbox 1533 649 1628 685; x_wconf 91' lang='lat'>271.</span> 
     </span>
    </p>

    <p class='ocr_par' dir='ltr' id='par_1_4' title="bbox 162 713 1711 973">
     <span class='ocr_line' id='line_1_8' title="bbox 277 713 1711 763; baseline -0.001 -8"><span class='ocrx_word' id='word_1_67' title='bbox 277 715 478 756; x_wconf 80' lang='lat' dir='ltr'>Comicae</span> <span class='ocrx_word' id='word_1_68' title='bbox 514 721 555 753; x_wconf 80' lang='lat' dir='ltr'>et</span> <span class='ocrx_word' id='word_1_69' title='bbox 590 713 814 754; x_wconf 81' lang='lat' dir='ltr'>armoricae</span> <span class='ocrx_word' id='word_1_70' title='bbox 845 713 1182 763; x_wconf 81' lang='lat' dir='ltr'>terminationes,</span> <span class='ocrx_word' id='word_1_71' title='bbox 1218 721 1265 754; x_wconf 81' lang='lat' dir='ltr'>ut</span> <span class='ocrx_word' id='word_1_72' title='bbox 1296 715 1549 763; x_wconf 82' lang='lat' dir='ltr'>cambricae,</span> <span class='ocrx_word' id='word_1_73' title='bbox 1583 730 1711 756; x_wconf 67' lang='lat' dir='ltr'>maso.</span> 
     </span>
     <span class='ocr_line' id='line_1_9' title="bbox 163 784 1709 836; baseline -0.001 -10"><span class='ocrx_word' id='word_1_74' title='bbox 163 801 276 826; x_wconf 69' lang='lat' dir='ltr'>corn.</span> <span class='ocrx_word' id='word_1_75' title='bbox 303 787 356 834; x_wconf 83' lang='lat' dir='ltr'>O,</span> <span class='ocrx_word' id='word_1_76' title='bbox 382 799 531 825; x_wconf 82' lang='lat' dir='ltr'>armor.</span> <span class='ocrx_word' id='word_1_77' title='bbox 557 785 656 833; x_wconf 83' lang='lat' dir='ltr'>AF,</span> <span class='ocrx_word' id='word_1_78' title='bbox 682 784 794 824; x_wconf 84' lang='lat' dir='ltr'>AFF</span> <span class='ocrx_word' id='word_1_79' title='bbox 816 786 924 836; x_wconf 80' lang='lat' dir='ltr'>(orta</span> <span class='ocrx_word' id='word_1_80' title='bbox 955 799 1006 824; x_wconf 85' lang='lat' dir='ltr'>ex</span> <span class='ocrx_word' id='word_1_81' title='bbox 1037 786 1126 836; x_wconf 75' lang='lat' dir='ltr'>(m),</span> <span class='ocrx_word' id='word_1_82' title='bbox 1152 784 1249 823; x_wconf 79' lang='lat' dir='ltr'>fem.</span> <span class='ocrx_word' id='word_1_83' title='bbox 1276 799 1389 824; x_wconf 80' lang='lat' dir='ltr'>corn.</span> <span class='ocrx_word' id='word_1_84' title='bbox 1414 800 1564 825; x_wconf 79' lang='lat' dir='ltr'>armor.</span> <span class='ocrx_word' id='word_1_85' title='bbox 1591 786 1628 835; x_wconf 92' lang='lat' dir='ltr'>I,</span> <span class='ocrx_word' id='word_1_86' title='bbox 1654 786 1709 825; x_wconf 85' lang='lat' dir='ltr'>Y.</span> 
     </span>
     <span class='ocr_line' id='line_1_10' title="bbox 163 853 1711 907; baseline 0.001 -12"><span class='ocrx_word' id='word_1_87' title='bbox 163 856 231 896; x_wconf 88' lang='lat' dir='ltr'>Fit</span> <span class='ocrx_word' id='word_1_88' title='bbox 252 855 393 904; x_wconf 80' lang='lat' dir='ltr'>etiam,</span> <span class='ocrx_word' id='word_1_89' title='bbox 416 862 461 895; x_wconf 86' lang='lat' dir='ltr'>ut</span> <span class='ocrx_word' id='word_1_90' title='bbox 479 854 697 902; x_wconf 80' lang='lat' dir='ltr'>cambrice,</span> <span class='ocrx_word' id='word_1_91' title='bbox 717 853 763 893; x_wconf 91' lang='lat' dir='ltr'>in</span> <span class='ocrx_word' id='word_1_92' title='bbox 780 854 1030 907; x_wconf 83' lang='lat' dir='ltr'>quibusdam</span> <span class='ocrx_word' id='word_1_93' title='bbox 1048 853 1250 894; x_wconf 77' lang='lat' dir='ltr'>immissio</span> <span class='ocrx_word' id='word_1_94' title='bbox 1267 854 1497 904; x_wconf 81' lang='lat' dir='ltr'>literarum,</span> <span class='ocrx_word' id='word_1_95' title='bbox 1518 870 1632 895; x_wconf 81' lang='lat' dir='ltr'>corn.</span> <span class='ocrx_word' id='word_1_96' title='bbox 1655 856 1711 896; x_wconf 76' lang='lat' dir='ltr'>th.</span> 
     </span>
     <span class='ocr_line' id='line_1_11' title="bbox 162 930 430 973; baseline -0.007 -7"><span class='ocrx_word' id='word_1_97' title='bbox 162 940 312 966; x_wconf 84' lang='lat' dir='ltr'>armor.</span> <span class='ocrx_word' id='word_1_98' title='bbox 337 940 374 973; x_wconf 74' lang='lat' dir='ltr'>z,</span> <span class='ocrx_word' id='word_1_99' title='bbox 402 930 430 965; x_wconf 74' lang='lat' dir='ltr'>t.</span> 
     </span>
    </p>

    <p class='ocr_par' dir='ltr' id='par_1_5' title="bbox 161 994 1715 1542">
     <span class='ocr_line' id='line_1_12' title="bbox 276 994 1710 1045; baseline 0.001 -9"><span class='ocrx_word' id='word_1_100' title='bbox 276 997 402 1036; x_wconf 88' lang='lat' dir='ltr'>Corn.</span> <span class='ocrx_word' id='word_1_101' title='bbox 438 1009 592 1035; x_wconf 56' lang='lat' dir='ltr'>maso:</span> <span class='ocrx_word' id='word_1_102' title='bbox 631 994 767 1043; x_wconf 73' lang='lat' dir='ltr'>clotho,</span> <span class='ocrx_word' id='word_1_103' title='bbox 806 995 944 1036; x_wconf 67' lang='lat' dir='ltr'>{hotho</span> <span class='ocrx_word' id='word_1_104' title='bbox 976 995 1055 1044; x_wconf 83' lang='lat' dir='ltr'>(ei,</span> <span class='ocrx_word' id='word_1_105' title='bbox 1082 996 1134 1035; x_wconf 83' lang='lat' dir='ltr'>ad</span> <span class='ocrx_word' id='word_1_106' title='bbox 1165 1010 1285 1044; x_wconf 74' lang='lat' dir='ltr'>eum,</span> <span class='ocrx_word' id='word_1_107' title='bbox 1317 1018 1373 1030; x_wconf 62' lang='lat' dir='ltr'><strong><em>z</em></strong></span> <span class='ocrx_word' id='word_1_108' title='bbox 1404 997 1558 1037; x_wconf 81' lang='lat' dir='ltr'>cambr.</span> <span class='ocrx_word' id='word_1_109' title='bbox 1585 996 1710 1045; x_wconf 73' lang='lat' dir='ltr'>idaw,</span> 
     </span>
     <span class='ocr_line' id='line_1_13' title="bbox 161 1066 1714 1121; baseline 0 -15"><span class='ocrx_word' id='word_1_110' title='bbox 161 1080 311 1106; x_wconf 81' lang='lat' dir='ltr'>armor.</span> <span class='ocrx_word' id='word_1_111' title='bbox 338 1066 489 1120; x_wconf 77' lang='lat' dir='ltr'>dezaf)</span> <span class='ocrx_word' id='word_1_112' title='bbox 513 1066 632 1106; x_wconf 82' lang='lat' dir='ltr'>Pass.</span> <span class='ocrx_word' id='word_1_113' title='bbox 661 1070 699 1115; x_wconf 88' lang='lat'>9,</span> <span class='ocrx_word' id='word_1_114' title='bbox 729 1070 767 1105; x_wconf 84' lang='lat'>4.</span> <span class='ocrx_word' id='word_1_115' title='bbox 795 1070 862 1115; x_wconf 86' lang='lat'>51,</span> <span class='ocrx_word' id='word_1_116' title='bbox 890 1070 928 1106; x_wconf 92' lang='lat'>2.</span> <span class='ocrx_word' id='word_1_117' title='bbox 957 1070 1023 1114; x_wconf 75' lang='grc'>58,</span> <span class='ocrx_word' id='word_1_118' title='bbox 1053 1069 1091 1105; x_wconf 95' lang='grc'>2.</span> <span class='ocrx_word' id='word_1_119' title='bbox 1122 1070 1215 1115; x_wconf 87' lang='grc'>146,</span> <span class='ocrx_word' id='word_1_120' title='bbox 1243 1071 1281 1106; x_wconf 89' lang='grc'>3.</span> <span class='ocrx_word' id='word_1_121' title='bbox 1317 1067 1464 1107; x_wconf 68' lang='lat' dir='ltr'>dretlzo</span> <span class='ocrx_word' id='word_1_122' title='bbox 1488 1068 1579 1121; x_wconf 81' lang='lat' dir='ltr'>(per</span> <span class='ocrx_word' id='word_1_123' title='bbox 1600 1080 1714 1111; x_wconf 87' lang='grc'>611111)</span> 
     </span>
     <span class='ocr_line' id='line_1_14' title="bbox 164 1136 1713 1191; baseline 0.001 -16"><span class='ocrx_word' id='word_1_124' title='bbox 164 1141 230 1186; x_wconf 77' lang='grc'>88,</span> <span class='ocrx_word' id='word_1_125' title='bbox 259 1141 297 1175; x_wconf 88' lang='grc'>3.</span> <span class='ocrx_word' id='word_1_126' title='bbox 332 1136 480 1190; x_wconf 71' lang='lat' dir='ltr'>raqtleo</span> <span class='ocrx_word' id='word_1_127' title='bbox 504 1137 595 1189; x_wconf 86' lang='lat' dir='ltr'>(pro</span> <span class='ocrx_word' id='word_1_128' title='bbox 627 1138 693 1188; x_wconf 88' lang='lat' dir='ltr'>eo)</span> <span class='ocrx_word' id='word_1_129' title='bbox 719 1140 757 1185; x_wconf 96' lang='lat'>6,</span> <span class='ocrx_word' id='word_1_130' title='bbox 788 1141 823 1175; x_wconf 95' lang='lat'>1.</span> <span class='ocrx_word' id='word_1_131' title='bbox 855 1151 965 1191; x_wconf 67' lang='lat' dir='ltr'>gflmo</span> <span class='ocrx_word' id='word_1_132' title='bbox 989 1136 1052 1188; x_wconf 83' lang='lat' dir='ltr'>(in</span> <span class='ocrx_word' id='word_1_133' title='bbox 1074 1140 1139 1188; x_wconf 89' lang='lat' dir='ltr'>eo)</span> <span class='ocrx_word' id='word_1_134' title='bbox 1168 1140 1260 1185; x_wconf 84' lang='lat'>142,</span> <span class='ocrx_word' id='word_1_135' title='bbox 1288 1142 1327 1176; x_wconf 93' lang='lat'>4.</span> <span class='ocrx_word' id='word_1_136' title='bbox 1356 1151 1489 1191; x_wconf 70' lang='lat' dir='ltr'>yanso</span> <span class='ocrx_word' id='word_1_137' title='bbox 1512 1139 1627 1189; x_wconf 83' lang='lat' dir='ltr'>(cum</span> <span class='ocrx_word' id='word_1_138' title='bbox 1648 1140 1713 1189; x_wconf 58' lang='lat' dir='ltr'>eos)</span> 
     </span>
     <span class='ocr_line' id='line_1_15' title="bbox 166 1207 1714 1258; baseline 0.001 -13"><span class='ocrx_word' id='word_1_139' title='bbox 166 1212 203 1255; x_wconf 90' lang='lat'>7,</span> <span class='ocrx_word' id='word_1_140' title='bbox 232 1211 269 1245; x_wconf 96' lang='lat'>3.</span> <span class='ocrx_word' id='word_1_141' title='bbox 300 1211 393 1255; x_wconf 89' lang='lat'>109,</span> <span class='ocrx_word' id='word_1_142' title='bbox 422 1211 459 1246; x_wconf 92' lang='lat'>3.</span> <span class='ocrx_word' id='word_1_143' title='bbox 494 1212 634 1255; x_wconf 63' lang='lat' dir='ltr'>morto,</span> <span class='ocrx_word' id='word_1_144' title='bbox 670 1212 756 1247; x_wconf 77' lang='lat' dir='ltr'>orto</span> <span class='ocrx_word' id='word_1_145' title='bbox 789 1207 860 1258; x_wconf 77' lang='lat' dir='ltr'>(ad</span> <span class='ocrx_word' id='word_1_146' title='bbox 889 1210 1004 1257; x_wconf 83' lang='lat' dir='ltr'>eum)</span> <span class='ocrx_word' id='word_1_147' title='bbox 1030 1210 1096 1255; x_wconf 77' lang='grc'>80,</span> <span class='ocrx_word' id='word_1_148' title='bbox 1123 1212 1163 1247; x_wconf 85' lang='grc'><strong>4.</strong></span> <span class='ocrx_word' id='word_1_149' title='bbox 1190 1210 1258 1256; x_wconf 83' lang='grc'>86,</span> <span class='ocrx_word' id='word_1_150' title='bbox 1286 1211 1324 1247; x_wconf 90' lang='grc'>2.</span> <span class='ocrx_word' id='word_1_151' title='bbox 1359 1207 1530 1256; x_wconf 71' lang='lat' dir='ltr'>anetho,</span> <span class='ocrx_word' id='word_1_152' title='bbox 1563 1207 1714 1248; x_wconf 68' lang='lat' dir='ltr'>anotlw</span> 
     </span>
     <span class='ocr_line' id='line_1_16' title="bbox 163 1276 1710 1330; baseline 0.001 -15"><span class='ocrx_word' id='word_1_153' title='bbox 163 1277 232 1325; x_wconf 88' lang='lat' dir='ltr'>(de</span> <span class='ocrx_word' id='word_1_154' title='bbox 255 1284 320 1329; x_wconf 84' lang='lat' dir='ltr'>eo)</span> <span class='ocrx_word' id='word_1_155' title='bbox 341 1281 408 1325; x_wconf 80' lang='grc'>98,</span> <span class='ocrx_word' id='word_1_156' title='bbox 432 1280 470 1316; x_wconf 92' lang='grc'>2.</span> <span class='ocrx_word' id='word_1_157' title='bbox 497 1281 589 1325; x_wconf 89' lang='grc'>106,</span> <span class='ocrx_word' id='word_1_158' title='bbox 613 1281 651 1316; x_wconf 84' lang='lat'>4.</span> <span class='ocrx_word' id='word_1_159' title='bbox 677 1277 904 1325; x_wconf 69' lang='lat' dir='ltr'>warnetlco,</span> <span class='ocrx_word' id='word_1_160' title='bbox 926 1276 1154 1325; x_wconf 67' lang='lat' dir='ltr'>warnotlao,</span> <span class='ocrx_word' id='word_1_161' title='bbox 1178 1277 1396 1318; x_wconf 65' lang='lat' dir='ltr'>eccm-emmo</span> <span class='ocrx_word' id='word_1_162' title='bbox 1414 1277 1477 1330; x_wconf 83' lang='grc'>(111</span> <span class='ocrx_word' id='word_1_163' title='bbox 1495 1280 1560 1329; x_wconf 88' lang='lat' dir='ltr'>eo)</span> <span class='ocrx_word' id='word_1_164' title='bbox 1581 1282 1648 1327; x_wconf 86' lang='lat'>56,</span> <span class='ocrx_word' id='word_1_165' title='bbox 1673 1283 1710 1316; x_wconf 85' lang='lat'>3.</span> 
     </span>
     <span class='ocr_line' id='line_1_17' title="bbox 164 1346 1715 1400; baseline 0.001 -15"><span class='ocrx_word' id='word_1_166' title='bbox 164 1351 231 1396; x_wconf 87' lang='lat'>99,</span> <span class='ocrx_word' id='word_1_167' title='bbox 257 1352 293 1386; x_wconf 89' lang='lat'>1.</span> <span class='ocrx_word' id='word_1_168' title='bbox 321 1352 413 1396; x_wconf 88' lang='lat'>157,</span> <span class='ocrx_word' id='word_1_169' title='bbox 438 1351 476 1386; x_wconf 90' lang='lat'>2.</span> <span class='ocrx_word' id='word_1_170' title='bbox 511 1347 578 1386; x_wconf 87' lang='lat' dir='ltr'>Ob</span> <span class='ocrx_word' id='word_1_171' title='bbox 599 1346 788 1400; x_wconf 78' lang='lat' dir='ltr'>rhythmi</span> <span class='ocrx_word' id='word_1_172' title='bbox 809 1346 1094 1386; x_wconf 80' lang='lat' dir='ltr'>assonantiam</span> <span class='ocrx_word' id='word_1_173' title='bbox 1115 1354 1277 1387; x_wconf 77' lang='lat' dir='ltr'>mutata</span> <span class='ocrx_word' id='word_1_174' title='bbox 1301 1347 1452 1388; x_wconf 83' lang='lat' dir='ltr'>vocalis</span> <span class='ocrx_word' id='word_1_175' title='bbox 1470 1347 1515 1387; x_wconf 88' lang='lat' dir='ltr'>in</span> <span class='ocrx_word' id='word_1_176' title='bbox 1532 1347 1621 1387; x_wconf 88' lang='lat' dir='ltr'>his:</span> <span class='ocrx_word' id='word_1_177' title='bbox 1650 1347 1715 1388; x_wconf 72' lang='lat' dir='ltr'>the</span> 
     </span>
     <span class='ocr_line' id='line_1_18' title="bbox 161 1416 1713 1470; baseline 0.001 -14"><span class='ocrx_word' id='word_1_178' title='bbox 161 1417 309 1470; x_wconf 72' lang='lat' dir='ltr'>raqthe</span> <span class='ocrx_word' id='word_1_179' title='bbox 337 1419 494 1469; x_wconf 81' lang='lat' dir='ltr'>(coram</span> <span class='ocrx_word' id='word_1_180' title='bbox 525 1420 591 1470; x_wconf 86' lang='lat' dir='ltr'>eo)</span> <span class='ocrx_word' id='word_1_181' title='bbox 616 1420 683 1466; x_wconf 88' lang='grc'>29,</span> <span class='ocrx_word' id='word_1_182' title='bbox 712 1421 749 1456; x_wconf 88' lang='grc'>3.</span> <span class='ocrx_word' id='word_1_183' title='bbox 784 1416 925 1458; x_wconf 72' lang='grc' dir='ltr'>ίΙιθίῘια</span> <span class='ocrx_word' id='word_1_184' title='bbox 954 1418 1025 1465; x_wconf 81' lang='lat' dir='ltr'>(ad</span> <span class='ocrx_word' id='word_1_185' title='bbox 1055 1425 1169 1469; x_wconf 85' lang='lat' dir='ltr'>eum)</span> <span class='ocrx_word' id='word_1_186' title='bbox 1196 1422 1268 1467; x_wconf 82' lang='lat'>54,</span> <span class='ocrx_word' id='word_1_187' title='bbox 1298 1423 1335 1457; x_wconf 80' lang='grc'>3.</span> <span class='ocrx_word' id='word_1_188' title='bbox 1382 1418 1554 1458; x_wconf 82' lang='lat' dir='ltr'>Brevior</span> <span class='ocrx_word' id='word_1_189' title='bbox 1582 1418 1713 1458; x_wconf 82' lang='lat' dir='ltr'>forma</span> 
     </span>
     <span class='ocr_line' id='line_1_19' title="bbox 161 1488 603 1542; baseline 0 -15"><span class='ocrx_word' id='word_1_190' title='bbox 161 1488 216 1542; x_wconf 72' lang='lat' dir='ltr'>dy</span> <span class='ocrx_word' id='word_1_191' title='bbox 240 1489 309 1539; x_wconf 83' lang='lat' dir='ltr'>(ad</span> <span class='ocrx_word' id='word_1_192' title='bbox 331 1490 446 1540; x_wconf 79' lang='lat' dir='ltr'>eum)</span> <span class='ocrx_word' id='word_1_193' title='bbox 475 1492 537 1536; x_wconf 86' lang='grc'>18,</span> <span class='ocrx_word' id='word_1_194' title='bbox 565 1493 603 1527; x_wconf 97' lang='lat'>4.</span> 
     </span>
    </p>

    <p class='ocr_par' dir='ltr' id='par_1_6' title="bbox 160 1558 1712 1824">
     <span class='ocr_line' id='line_1_20' title="bbox 276 1558 1708 1614; baseline 0.001 -17"><span class='ocrx_word' id='word_1_195' title='bbox 276 1559 416 1598; x_wconf 87' lang='lat' dir='ltr'>Fem.:</span> <span class='ocrx_word' id='word_1_196' title='bbox 445 1558 592 1613; x_wconf 67' lang='lat' dir='ltr'>lbythg]</span> <span class='ocrx_word' id='word_1_197' title='bbox 611 1559 681 1607; x_wconf 76' lang='lat' dir='ltr'>(ad</span> <span class='ocrx_word' id='word_1_198' title='bbox 699 1572 804 1607; x_wconf 75' lang='lat' dir='ltr'>eam,</span> <span class='ocrx_word' id='word_1_199' title='bbox 826 1558 887 1607; x_wconf 73' lang='lat' dir='ltr'>ei,</span> <span class='ocrx_word' id='word_1_200' title='bbox 908 1580 965 1592; x_wconf 89' lang='lat'>=</span> <span class='ocrx_word' id='word_1_201' title='bbox 981 1560 1136 1599; x_wconf 61' lang='lat' dir='ltr'>«ambr.</span> <span class='ocrx_word' id='word_1_202' title='bbox 1158 1559 1234 1609; x_wconf 68' lang='lat' dir='ltr'>idi,</span> <span class='ocrx_word' id='word_1_203' title='bbox 1257 1574 1406 1600; x_wconf 81' lang='lat' dir='ltr'>annor.</span> <span class='ocrx_word' id='word_1_204' title='bbox 1430 1560 1549 1614; x_wconf 73' lang='lat' dir='ltr'>dezy)</span> <span class='ocrx_word' id='word_1_205' title='bbox 1568 1561 1618 1600; x_wconf 91' lang='lat' dir='ltr'>P.</span> <span class='ocrx_word' id='word_1_206' title='bbox 1643 1564 1708 1605; x_wconf 85' lang='lat'>34,</span> 
     </span>
     <span class='ocr_line' id='line_1_21' title="bbox 163 1628 1712 1684; baseline 0.002 -18"><span class='ocrx_word' id='word_1_207' title='bbox 163 1631 201 1667; x_wconf 87' lang='lat'>2.</span> <span class='ocrx_word' id='word_1_208' title='bbox 232 1633 325 1677; x_wconf 89' lang='grc'>199,</span> <span class='ocrx_word' id='word_1_209' title='bbox 354 1633 391 1668; x_wconf 85' lang='lat'>4.</span> <span class='ocrx_word' id='word_1_210' title='bbox 428 1628 576 1683; x_wconf 69' lang='lat' dir='ltr'>drethgs</span> <span class='ocrx_word' id='word_1_211' title='bbox 604 1632 696 1677; x_wconf 86' lang='lat'>152,</span> <span class='ocrx_word' id='word_1_212' title='bbox 723 1633 762 1668; x_wconf 86' lang='lat'>4.</span> <span class='ocrx_word' id='word_1_213' title='bbox 797 1629 937 1684; x_wconf 68' lang='lat' dir='ltr'>re&#39;ytlegs</span> <span class='ocrx_word' id='word_1_214' title='bbox 961 1631 1053 1682; x_wconf 77' lang='lat' dir='ltr'>(pro</span> <span class='ocrx_word' id='word_1_215' title='bbox 1075 1633 1139 1681; x_wconf 81' lang='lat' dir='ltr'>ea)</span> <span class='ocrx_word' id='word_1_216' title='bbox 1168 1633 1260 1678; x_wconf 85' lang='grc'>184,</span> <span class='ocrx_word' id='word_1_217' title='bbox 1290 1633 1327 1669; x_wconf 92' lang='grc'>2.</span> <span class='ocrx_word' id='word_1_218' title='bbox 1365 1629 1431 1670; x_wconf 68' lang='lat' dir='ltr'>tlte</span> <span class='ocrx_word' id='word_1_219' title='bbox 1452 1629 1605 1684; x_wconf 55' lang='lat' dir='ltr'><em>wythy</em></span> <span class='ocrx_word' id='word_1_220' title='bbox 1629 1631 1712 1681; x_wconf 73' lang='lat' dir='ltr'>(co-</span> 
     </span>
     <span class='ocr_line' id='line_1_22' title="bbox 160 1700 1711 1754; baseline 0.002 -17"><span class='ocrx_word' id='word_1_221' title='bbox 160 1713 248 1738; x_wconf 82' lang='lat' dir='ltr'>ram</span> <span class='ocrx_word' id='word_1_222' title='bbox 271 1709 336 1751; x_wconf 83' lang='lat' dir='ltr'>ea)</span> <span class='ocrx_word' id='word_1_223' title='bbox 361 1702 457 1748; x_wconf 82' lang='lat'>226,</span> <span class='ocrx_word' id='word_1_224' title='bbox 485 1703 523 1738; x_wconf 89' lang='grc'>3.</span> <span class='ocrx_word' id='word_1_225' title='bbox 558 1714 672 1753; x_wconf 68' lang='lat' dir='ltr'>ymay</span> <span class='ocrx_word' id='word_1_226' title='bbox 701 1703 792 1745; x_wconf 75' lang='grc'>184,</span> <span class='ocrx_word' id='word_1_227' title='bbox 824 1704 858 1738; x_wconf 90' lang='grc'>1.</span> <span class='ocrx_word' id='word_1_228' title='bbox 881 1714 1026 1754; x_wconf 64' lang='lat' dir='ltr'>qensy,</span> <span class='ocrx_word' id='word_1_229' title='bbox 1048 1714 1185 1754; x_wconf 67' lang='lat' dir='ltr'>{lynsy</span> <span class='ocrx_word' id='word_1_230' title='bbox 1209 1703 1275 1747; x_wconf 87' lang='grc'>27,</span> <span class='ocrx_word' id='word_1_231' title='bbox 1303 1705 1341 1738; x_wconf 84' lang='lat'>4.</span> <span class='ocrx_word' id='word_1_232' title='bbox 1372 1704 1465 1748; x_wconf 88' lang='grc'>161,</span> <span class='ocrx_word' id='word_1_233' title='bbox 1495 1704 1532 1739; x_wconf 85' lang='grc'>3.</span> <span class='ocrx_word' id='word_1_234' title='bbox 1559 1700 1711 1754; x_wconf 63' lang='lat' dir='ltr'>(mellay</span> 
     </span>
     <span class='ocr_line' id='line_1_23' title="bbox 163 1769 695 1824; baseline 0.006 -19"><span class='ocrx_word' id='word_1_235' title='bbox 163 1771 229 1815; x_wconf 83' lang='lat'>32,</span> <span class='ocrx_word' id='word_1_236' title='bbox 258 1771 295 1808; x_wconf 88' lang='lat'>2.</span> <span class='ocrx_word' id='word_1_237' title='bbox 322 1769 537 1824; x_wconf 67' lang='lat' dir='ltr'>waraetlegs</span> <span class='ocrx_word' id='word_1_238' title='bbox 563 1773 629 1817; x_wconf 74' lang='lat'>28,</span> <span class='ocrx_word' id='word_1_239' title='bbox 658 1774 695 1808; x_wconf 92' lang='lat'>3.</span> 
     </span>
    </p>

    <p class='ocr_par' dir='ltr' id='par_1_7' title="bbox 157 1839 1708 2245">
     <span class='ocr_line' id='line_1_24' title="bbox 273 1839 1707 1895; baseline 0.003 -17"><span class='ocrx_word' id='word_1_240' title='bbox 273 1840 438 1879; x_wconf 82' lang='lat' dir='ltr'>Armor.</span> <span class='ocrx_word' id='word_1_241' title='bbox 464 1853 616 1879; x_wconf 60' lang='lat' dir='ltr'>maso:</span> <span class='ocrx_word' id='word_1_242' title='bbox 643 1840 784 1894; x_wconf 63' lang='lat' dir='ltr'>(lechf,</span> <span class='ocrx_word' id='word_1_243' title='bbox 809 1839 961 1894; x_wconf 73' lang='lat' dir='ltr'>clezaff</span> <span class='ocrx_word' id='word_1_244' title='bbox 973 1841 1046 1892; x_wconf 85' lang='lat'>(=</span> <span class='ocrx_word' id='word_1_245' title='bbox 1063 1854 1176 1880; x_wconf 79' lang='lat' dir='ltr'>corn.</span> <span class='ocrx_word' id='word_1_246' title='bbox 1198 1841 1338 1893; x_wconf 73' lang='lat' dir='ltr'>clotho)</span> <span class='ocrx_word' id='word_1_247' title='bbox 1360 1841 1470 1881; x_wconf 79' lang='lat' dir='ltr'>Buh.</span> <span class='ocrx_word' id='word_1_248' title='bbox 1492 1842 1547 1895; x_wconf 89' lang='lat' dir='ltr'>fq.</span> <span class='ocrx_word' id='word_1_249' title='bbox 1574 1843 1707 1895; x_wconf 64' lang='lat' dir='ltr'>elatas.</span> 
     </span>
     <span class='ocr_line' id='line_1_25' title="bbox 160 1909 1705 1963; baseline 0.001 -15"><span class='ocrx_word' id='word_1_250' title='bbox 160 1909 314 1963; x_wconf 68' lang='lat' dir='ltr'>enhaf,</span> <span class='ocrx_word' id='word_1_251' title='bbox 350 1909 508 1963; x_wconf 62' lang='lat' dir='ltr'>elmaff</span> <span class='ocrx_word' id='word_1_252' title='bbox 526 1909 589 1962; x_wconf 90' lang='lat' dir='ltr'>(in</span> <span class='ocrx_word' id='word_1_253' title='bbox 619 1911 684 1961; x_wconf 86' lang='lat' dir='ltr'>eo)</span> <span class='ocrx_word' id='word_1_254' title='bbox 711 1914 785 1959; x_wconf 89' lang='lat'>30,</span> <span class='ocrx_word' id='word_1_255' title='bbox 814 1915 851 1949; x_wconf 90' lang='grc'><strong>6.</strong></span> <span class='ocrx_word' id='word_1_256' title='bbox 880 1914 958 1960; x_wconf 87' lang='grc'>86,</span> <span class='ocrx_word' id='word_1_257' title='bbox 990 1915 1053 1950; x_wconf 91' lang='lat'>10.</span> <span class='ocrx_word' id='word_1_258' title='bbox 1081 1915 1155 1959; x_wconf 90' lang='grc'>96,</span> <span class='ocrx_word' id='word_1_259' title='bbox 1188 1916 1251 1950; x_wconf 89' lang='grc'>13.</span> <span class='ocrx_word' id='word_1_260' title='bbox 1283 1916 1382 1961; x_wconf 86' lang='grc'>154,</span> <span class='ocrx_word' id='word_1_261' title='bbox 1411 1914 1477 1951; x_wconf 89' lang='grc'>22.</span> <span class='ocrx_word' id='word_1_262' title='bbox 1508 1916 1610 1960; x_wconf 88' lang='grc'>166,</span> <span class='ocrx_word' id='word_1_263' title='bbox 1643 1916 1705 1951; x_wconf 87' lang='grc'>19.</span> 
     </span>
     <span class='ocr_line' id='line_1_26' title="bbox 158 1979 1704 2036; baseline 0.002 -17"><span class='ocrx_word' id='word_1_264' title='bbox 158 1979 305 2033; x_wconf 74' lang='lat' dir='ltr'>outaff</span> <span class='ocrx_word' id='word_1_265' title='bbox 316 1981 431 2031; x_wconf 83' lang='grc'>(611111</span> <span class='ocrx_word' id='word_1_266' title='bbox 453 1994 514 2028; x_wconf 86' lang='grc'>60,</span> <span class='ocrx_word' id='word_1_267' title='bbox 541 1980 596 2033; x_wconf 83' lang='grc'>61)</span> <span class='ocrx_word' id='word_1_268' title='bbox 618 1984 684 2029; x_wconf 86' lang='grc'>36,</span> <span class='ocrx_word' id='word_1_269' title='bbox 710 1986 747 2021; x_wconf 88' lang='grc'>7.</span> <span class='ocrx_word' id='word_1_270' title='bbox 773 1980 967 2035; x_wconf 59' lang='lat' dir='ltr'>diozctqff</span> <span class='ocrx_word' id='word_1_271' title='bbox 980 1982 1049 2031; x_wconf 85' lang='lat' dir='ltr'>(ab</span> <span class='ocrx_word' id='word_1_272' title='bbox 1071 1991 1136 2033; x_wconf 89' lang='lat' dir='ltr'>eo)</span> <span class='ocrx_word' id='word_1_273' title='bbox 1158 1985 1224 2031; x_wconf 82' lang='grc'>58,</span> <span class='ocrx_word' id='word_1_274' title='bbox 1250 1986 1315 2021; x_wconf 91' lang='lat'>19.</span> <span class='ocrx_word' id='word_1_275' title='bbox 1337 1982 1520 2036; x_wconf 66' lang='lat' dir='ltr'>ycztztcff</span> <span class='ocrx_word' id='word_1_276' title='bbox 1531 1984 1704 2034; x_wconf 81' lang='lat' dir='ltr'>(secum,</span> 
     </span>
     <span class='ocr_line' id='line_1_27' title="bbox 157 2050 1705 2107; baseline 0.002 -19"><span class='ocrx_word' id='word_1_277' title='bbox 157 2050 269 2102; x_wconf 89' lang='lat' dir='ltr'>apud</span> <span class='ocrx_word' id='word_1_278' title='bbox 292 2059 405 2101; x_wconf 87' lang='lat' dir='ltr'>eum)</span> <span class='ocrx_word' id='word_1_279' title='bbox 435 2055 497 2099; x_wconf 86' lang='lat'>10,</span> <span class='ocrx_word' id='word_1_280' title='bbox 523 2054 589 2090; x_wconf 91' lang='lat'>20.</span> <span class='ocrx_word' id='word_1_281' title='bbox 616 2055 680 2100; x_wconf 87' lang='grc'>12,</span> <span class='ocrx_word' id='word_1_282' title='bbox 704 2056 742 2090; x_wconf 89' lang='grc'>5.</span> <span class='ocrx_word' id='word_1_283' title='bbox 769 2050 1075 2105; x_wconf 60' lang='lat' dir='ltr'>cleffictaffsseg.</span> <span class='ocrx_word' id='word_1_284' title='bbox 1103 2051 1331 2107; x_wconf 61' lang='grc' dir='ltr'>(ῖῐζχαηίαβ,</span> <span class='ocrx_word' id='word_1_285' title='bbox 1354 2054 1405 2093; x_wconf 80' lang='lat' dir='ltr'>ab</span> <span class='ocrx_word' id='word_1_286' title='bbox 1427 2055 1493 2105; x_wconf 79' lang='lat' dir='ltr'>eo)</span> <span class='ocrx_word' id='word_1_287' title='bbox 1521 2057 1614 2102; x_wconf 83' lang='lat'>194,</span> <span class='ocrx_word' id='word_1_288' title='bbox 1641 2057 1705 2092; x_wconf 92' lang='lat'>16.</span> 
     </span>
     <span class='ocr_line' id='line_1_28' title="bbox 157 2119 1708 2174; baseline 0.001 -16"><span class='ocrx_word' id='word_1_289' title='bbox 157 2119 338 2173; x_wconf 65' lang='lat' dir='ltr'>(mezcff</span> <span class='ocrx_word' id='word_1_290' title='bbox 358 2121 426 2171; x_wconf 82' lang='grc'>((16</span> <span class='ocrx_word' id='word_1_291' title='bbox 457 2135 525 2169; x_wconf 90' lang='lat' dir='ltr'>eo,</span> <span class='ocrx_word' id='word_1_292' title='bbox 552 2121 659 2174; x_wconf 79' lang='lat' dir='ltr'>ejus)</span> <span class='ocrx_word' id='word_1_293' title='bbox 686 2125 757 2171; x_wconf 83' lang='grc'>78,</span> <span class='ocrx_word' id='word_1_294' title='bbox 789 2125 853 2160; x_wconf 93' lang='grc'>12.</span> <span class='ocrx_word' id='word_1_295' title='bbox 884 2124 983 2170; x_wconf 88' lang='grc'>152,</span> <span class='ocrx_word' id='word_1_296' title='bbox 1015 2126 1078 2161; x_wconf 88' lang='lat'>14.</span> <span class='ocrx_word' id='word_1_297' title='bbox 1111 2126 1210 2170; x_wconf 89' lang='grc'>172,</span> <span class='ocrx_word' id='word_1_298' title='bbox 1239 2125 1305 2162; x_wconf 92' lang='grc'>22.</span> <span class='ocrx_word' id='word_1_299' title='bbox 1351 2123 1527 2163; x_wconf 82' lang='lat' dir='ltr'>Diversa</span> <span class='ocrx_word' id='word_1_300' title='bbox 1554 2122 1708 2162; x_wconf 65' lang='lat' dir='ltr'>vocalis</span> 
     </span>
     <span class='ocr_line' id='line_1_29' title="bbox 157 2188 1073 2245; baseline 0.004 -17"><span class='ocrx_word' id='word_1_301' title='bbox 157 2188 427 2230; x_wconf 79' lang='lat' dir='ltr'>intermedia:</span> <span class='ocrx_word' id='word_1_302' title='bbox 454 2191 618 2245; x_wconf 57' lang='grc' dir='ltr'>ἀνείς-ᾔ</span> <span class='ocrx_word' id='word_1_303' title='bbox 631 2192 723 2244; x_wconf 85' lang='lat' dir='ltr'>(per</span> <span class='ocrx_word' id='word_1_304' title='bbox 743 2195 858 2243; x_wconf 81' lang='lat' dir='ltr'>eum)</span> <span class='ocrx_word' id='word_1_305' title='bbox 886 2196 979 2240; x_wconf 89' lang='lat'>106,</span> <span class='ocrx_word' id='word_1_306' title='bbox 1007 2195 1073 2232; x_wconf 90' lang='grc'><strong>27.</strong></span> 
     </span>
    </p>

    <p class='ocr_par' dir='ltr' id='par_1_8' title="bbox 160 2259 1706 2526">
     <span class='ocr_line' id='line_1_30' title="bbox 273 2259 1706 2318; baseline 0.003 -20"><span class='ocrx_word' id='word_1_307' title='bbox 273 2259 388 2298; x_wconf 81' lang='lat' dir='ltr'>Fem.</span> <span class='ocrx_word' id='word_1_308' title='bbox 409 2274 417 2298; x_wconf 74' lang='grc' dir='ltr'>ε</span> <span class='ocrx_word' id='word_1_309' title='bbox 445 2259 549 2309; x_wconf 72' lang='lat' dir='ltr'>(lezi,</span> <span class='ocrx_word' id='word_1_310' title='bbox 571 2261 672 2313; x_wconf 70' lang='lat' dir='ltr'>clezy</span> <span class='ocrx_word' id='word_1_311' title='bbox 696 2261 770 2313; x_wconf 84' lang='lat' dir='ltr'>(ei)</span> <span class='ocrx_word' id='word_1_312' title='bbox 789 2261 902 2301; x_wconf 80' lang='lat' dir='ltr'>Buh.</span> <span class='ocrx_word' id='word_1_313' title='bbox 928 2261 985 2315; x_wconf 83' lang='lat' dir='ltr'>sq.</span> <span class='ocrx_word' id='word_1_314' title='bbox 1012 2263 1119 2318; x_wconf 73' lang='lat' dir='ltr'>enhy</span> <span class='ocrx_word' id='word_1_315' title='bbox 1142 2263 1205 2311; x_wconf 86' lang='lat' dir='ltr'>(in</span> <span class='ocrx_word' id='word_1_316' title='bbox 1227 2278 1288 2312; x_wconf 77' lang='lat' dir='ltr'>ea,</span> <span class='ocrx_word' id='word_1_317' title='bbox 1309 2263 1476 2317; x_wconf 81' lang='lat' dir='ltr'>regione</span> <span class='ocrx_word' id='word_1_318' title='bbox 1495 2263 1706 2313; x_wconf 78' lang='lat' dir='ltr'>Demetia)</span> 
     </span>
     <span class='ocr_line' id='line_1_31' title="bbox 160 2331 1702 2387; baseline 0.005 -20"><span class='ocrx_word' id='word_1_319' title='bbox 160 2333 227 2377; x_wconf 81' lang='grc'>30,</span> <span class='ocrx_word' id='word_1_320' title='bbox 256 2331 293 2368; x_wconf 88' lang='grc'>2.</span> <span class='ocrx_word' id='word_1_321' title='bbox 322 2334 360 2369; x_wconf 90' lang='lat'>3.</span> <span class='ocrx_word' id='word_1_322' title='bbox 392 2336 488 2384; x_wconf 72' lang='lat' dir='ltr'>oecty</span> <span class='ocrx_word' id='word_1_323' title='bbox 511 2331 582 2382; x_wconf 81' lang='lat' dir='ltr'>(ad</span> <span class='ocrx_word' id='word_1_324' title='bbox 612 2338 721 2380; x_wconf 80' lang='lat' dir='ltr'>eain)</span> <span class='ocrx_word' id='word_1_325' title='bbox 747 2336 813 2380; x_wconf 85' lang='lat'>34,</span> <span class='ocrx_word' id='word_1_326' title='bbox 842 2335 908 2370; x_wconf 92' lang='lat'>22.</span> <span class='ocrx_word' id='word_1_327' title='bbox 943 2331 1086 2387; x_wconf 75' lang='lat' dir='ltr'>clz&#39;ozcty</span> <span class='ocrx_word' id='word_1_328' title='bbox 1109 2334 1181 2385; x_wconf 82' lang='lat' dir='ltr'>(ab</span> <span class='ocrx_word' id='word_1_329' title='bbox 1204 2348 1265 2382; x_wconf 70' lang='lat' dir='ltr'>ca,</span> <span class='ocrx_word' id='word_1_330' title='bbox 1291 2348 1342 2374; x_wconf 76' lang='lat' dir='ltr'>ex</span> <span class='ocrx_word' id='word_1_331' title='bbox 1364 2348 1425 2381; x_wconf 83' lang='lat' dir='ltr'>ea,</span> <span class='ocrx_word' id='word_1_332' title='bbox 1450 2334 1610 2387; x_wconf 82' lang='lat' dir='ltr'>puella)</span> <span class='ocrx_word' id='word_1_333' title='bbox 1638 2338 1702 2381; x_wconf 70' lang='lat'>18,</span> 
     </span>
     <span class='ocr_line' id='line_1_32' title="bbox 163 2401 1702 2457; baseline 0.004 -20"><span class='ocrx_word' id='word_1_334' title='bbox 163 2404 227 2439; x_wconf 90' lang='lat'>19.</span> <span class='ocrx_word' id='word_1_335' title='bbox 255 2404 331 2448; x_wconf 89' lang='lat'>34,</span> <span class='ocrx_word' id='word_1_336' title='bbox 359 2403 426 2439; x_wconf 88' lang='lat'>20.</span> <span class='ocrx_word' id='word_1_337' title='bbox 458 2401 603 2454; x_wconf 63' lang='lat' dir='ltr'>qunti,</span> <span class='ocrx_word' id='word_1_338' title='bbox 638 2403 907 2456; x_wconf 70' lang='lat' dir='ltr'>qcz72ty(cun1</span> <span class='ocrx_word' id='word_1_339' title='bbox 939 2416 1009 2450; x_wconf 80' lang='lat' dir='ltr'>ea,</span> <span class='ocrx_word' id='word_1_340' title='bbox 1046 2404 1158 2456; x_wconf 79' lang='lat' dir='ltr'>apud</span> <span class='ocrx_word' id='word_1_341' title='bbox 1189 2412 1297 2457; x_wconf 82' lang='lat' dir='ltr'>eam)</span> <span class='ocrx_word' id='word_1_342' title='bbox 1325 2409 1390 2453; x_wconf 88' lang='lat'>74,</span> <span class='ocrx_word' id='word_1_343' title='bbox 1418 2407 1484 2444; x_wconf 89' lang='lat'>21.</span> <span class='ocrx_word' id='word_1_344' title='bbox 1515 2409 1607 2453; x_wconf 82' lang='grc'>138,</span> <span class='ocrx_word' id='word_1_345' title='bbox 1638 2409 1702 2443; x_wconf 93' lang='lat'>17.</span> 
     </span>
     <span class='ocr_line' id='line_1_33' title="bbox 162 2471 1382 2526; baseline 0.005 -18"><span class='ocrx_word' id='word_1_346' title='bbox 162 2473 254 2519; x_wconf 91' lang='lat'>152,</span> <span class='ocrx_word' id='word_1_347' title='bbox 283 2473 321 2509; x_wconf 89' lang='grc'>2.</span> <span class='ocrx_word' id='word_1_348' title='bbox 348 2471 480 2520; x_wconf 68' lang='lat' dir='ltr'>(mezi,</span> <span class='ocrx_word' id='word_1_349' title='bbox 507 2486 636 2526; x_wconf 63' lang='lat' dir='ltr'>(mezy</span> <span class='ocrx_word' id='word_1_350' title='bbox 659 2472 727 2521; x_wconf 79' lang='lat' dir='ltr'>(de</span> <span class='ocrx_word' id='word_1_351' title='bbox 750 2486 811 2521; x_wconf 81' lang='lat' dir='ltr'>ea,</span> <span class='ocrx_word' id='word_1_352' title='bbox 838 2472 946 2526; x_wconf 76' lang='lat' dir='ltr'>ejus)</span> <span class='ocrx_word' id='word_1_353' title='bbox 974 2477 1066 2522; x_wconf 86' lang='grc'>154,</span> <span class='ocrx_word' id='word_1_354' title='bbox 1096 2476 1161 2514; x_wconf 90' lang='lat'>21.</span> <span class='ocrx_word' id='word_1_355' title='bbox 1192 2479 1285 2523; x_wconf 82' lang='lat'>156,</span> <span class='ocrx_word' id='word_1_356' title='bbox 1315 2479 1382 2515; x_wconf 88' lang='lat'>23.</span> 
     </span>
    </p>

    <p class='ocr_par' dir='ltr' id='par_1_9' title="bbox 157 2541 1706 2948">
     <span class='ocr_line' id='line_1_34' title="bbox 272 2541 1706 2599; baseline 0.003 -19"><span class='ocrx_word' id='word_1_357' title='bbox 272 2541 391 2580; x_wconf 88' lang='lat' dir='ltr'>Plur.</span> <span class='ocrx_word' id='word_1_358' title='bbox 436 2541 655 2582; x_wconf 73' lang='lat' dir='ltr'>Cambrica</span> <span class='ocrx_word' id='word_1_359' title='bbox 689 2542 926 2582; x_wconf 82' lang='lat' dir='ltr'>terminatio</span> <span class='ocrx_word' id='word_1_360' title='bbox 958 2558 1041 2583; x_wconf 80' lang='lat' dir='ltr'>una</span> <span class='ocrx_word' id='word_1_361' title='bbox 1072 2544 1194 2585; x_wconf 84' lang='lat' dir='ltr'>UNT</span> <span class='ocrx_word' id='word_1_362' title='bbox 1224 2544 1455 2597; x_wconf 85' lang='lat' dir='ltr'>(interdum</span> <span class='ocrx_word' id='word_1_363' title='bbox 1483 2548 1598 2599; x_wconf 66' lang='lat' dir='ltr'>yut),</span> <span class='ocrx_word' id='word_1_364' title='bbox 1633 2552 1706 2584; x_wconf 82' lang='lat' dir='ltr'>aut</span> 
     </span>
     <span class='ocr_line' id='line_1_35' title="bbox 158 2610 1705 2667; baseline 0.002 -18"><span class='ocrx_word' id='word_1_365' title='bbox 158 2610 245 2650; x_wconf 81' lang='lat' dir='ltr'>sola</span> <span class='ocrx_word' id='word_1_366' title='bbox 274 2612 488 2660; x_wconf 81' lang='lat' dir='ltr'>accedens,</span> <span class='ocrx_word' id='word_1_367' title='bbox 514 2611 727 2652; x_wconf 83' lang='lat' dir='ltr'>interdum</span> <span class='ocrx_word' id='word_1_368' title='bbox 756 2627 852 2653; x_wconf 83' lang='lat' dir='ltr'>cum</span> <span class='ocrx_word' id='word_1_369' title='bbox 875 2613 1032 2666; x_wconf 81' lang='lat' dir='ltr'>syllaba</span> <span class='ocrx_word' id='word_1_370' title='bbox 1057 2614 1284 2667; x_wconf 76' lang='lat' dir='ltr'>praemissa</span> <span class='ocrx_word' id='word_1_371' title='bbox 1305 2616 1375 2664; x_wconf 78' lang='lat' dir='ltr'>acl,</span> <span class='ocrx_word' id='word_1_372' title='bbox 1401 2622 1473 2654; x_wconf 81' lang='lat' dir='ltr'>aut</span> <span class='ocrx_word' id='word_1_373' title='bbox 1496 2628 1592 2653; x_wconf 82' lang='lat' dir='ltr'>cum</span> <span class='ocrx_word' id='word_1_374' title='bbox 1614 2613 1705 2653; x_wconf 82' lang='lat' dir='ltr'>lite-</span> 
     </span>
     <span class='ocr_line' id='line_1_36' title="bbox 157 2679 1705 2734; baseline 0.004 -16"><span class='ocrx_word' id='word_1_375' title='bbox 157 2679 213 2719; x_wconf 85' lang='lat' dir='ltr'>ris</span> <span class='ocrx_word' id='word_1_376' title='bbox 235 2687 276 2720; x_wconf 66' lang='grc'>61</span> <span class='ocrx_word' id='word_1_377' title='bbox 297 2681 465 2734; x_wconf 79' lang='lat' dir='ltr'>syllabis</span> <span class='ocrx_word' id='word_1_378' title='bbox 481 2681 570 2734; x_wconf 80' lang='lat' dir='ltr'>jam</span> <span class='ocrx_word' id='word_1_379' title='bbox 591 2683 829 2724; x_wconf 78' lang='lat' dir='ltr'>memoratis</span> <span class='ocrx_word' id='word_1_380' title='bbox 851 2698 893 2732; x_wconf 74' lang='grc' dir='ltr'>η,</span> <span class='ocrx_word' id='word_1_381' title='bbox 919 2684 960 2732; x_wconf 81' lang='lat' dir='ltr'>d,</span> <span class='ocrx_word' id='word_1_382' title='bbox 987 2684 1087 2733; x_wconf 76' lang='lat' dir='ltr'>dan,</span> <span class='ocrx_word' id='word_1_383' title='bbox 1110 2684 1206 2734; x_wconf 73' lang='lat' dir='ltr'>hon,</span> <span class='ocrx_word' id='word_1_384' title='bbox 1226 2685 1292 2725; x_wconf 88' lang='lat' dir='ltr'>vel</span> <span class='ocrx_word' id='word_1_385' title='bbox 1315 2686 1355 2734; x_wconf 75' lang='lat' dir='ltr'>d,</span> <span class='ocrx_word' id='word_1_386' title='bbox 1379 2691 1406 2733; x_wconf 82' lang='lat' dir='ltr'>t,</span> <span class='ocrx_word' id='word_1_387' title='bbox 1430 2684 1473 2724; x_wconf 70' lang='lat' dir='ltr'>th</span> <span class='ocrx_word' id='word_1_388' title='bbox 1494 2684 1538 2723; x_wconf 91' lang='lat' dir='ltr'>in</span> <span class='ocrx_word' id='word_1_389' title='bbox 1560 2684 1705 2726; x_wconf 80' lang='lat' dir='ltr'>eadem</span> 
     </span>
     <span class='ocr_line' id='line_1_37' title="bbox 157 2748 1700 2807; baseline 0.005 -20"><span class='ocrx_word' id='word_1_390' title='bbox 157 2748 412 2799; x_wconf 76' lang='lat' dir='ltr'>differentia,</span> <span class='ocrx_word' id='word_1_391' title='bbox 447 2766 551 2803; x_wconf 81' lang='lat' dir='ltr'>quae</span> <span class='ocrx_word' id='word_1_392' title='bbox 592 2752 753 2792; x_wconf 77' lang='lat' dir='ltr'>obtinet</span> <span class='ocrx_word' id='word_1_393' title='bbox 791 2753 835 2793; x_wconf 89' lang='lat' dir='ltr'>in</span> <span class='ocrx_word' id='word_1_394' title='bbox 866 2753 1090 2807; x_wconf 70' lang='lat' dir='ltr'>Singulari:</span> <span class='ocrx_word' id='word_1_395' title='bbox 1123 2760 1262 2795; x_wconf 65' lang='lat' dir='ltr'>(attunt</span> <span class='ocrx_word' id='word_1_396' title='bbox 1291 2755 1405 2794; x_wconf 78' lang='lat' dir='ltr'>Mab.</span> <span class='ocrx_word' id='word_1_397' title='bbox 1436 2759 1481 2802; x_wconf 89' lang='lat'>1,</span> <span class='ocrx_word' id='word_1_398' title='bbox 1509 2758 1576 2793; x_wconf 87' lang='lat'>25.</span> <span class='ocrx_word' id='word_1_399' title='bbox 1605 2757 1700 2794; x_wconf 89' lang='lat'>276.</span> 
     </span>
     <span class='ocr_line' id='line_1_38' title="bbox 157 2819 1701 2877; baseline 0.006 -21"><span class='ocrx_word' id='word_1_400' title='bbox 157 2819 337 2859; x_wconf 68' lang='lat' dir='ltr'>ataclmzt</span> <span class='ocrx_word' id='word_1_401' title='bbox 357 2820 459 2873; x_wconf 80' lang='lat' dir='ltr'>Leg.</span> <span class='ocrx_word' id='word_1_402' title='bbox 488 2824 525 2859; x_wconf 89' lang='lat'>2.</span> <span class='ocrx_word' id='word_1_403' title='bbox 557 2826 619 2861; x_wconf 87' lang='lat'>11.</span> <span class='ocrx_word' id='word_1_404' title='bbox 648 2826 714 2861; x_wconf 91' lang='lat'>22.</span> <span class='ocrx_word' id='word_1_405' title='bbox 740 2829 898 2863; x_wconf 68' lang='lat' dir='ltr'>cw-mmt</span> <span class='ocrx_word' id='word_1_406' title='bbox 919 2825 1020 2877; x_wconf 76' lang='lat' dir='ltr'>Leg.</span> <span class='ocrx_word' id='word_1_407' title='bbox 1052 2830 1087 2864; x_wconf 89' lang='lat'>1.</span> <span class='ocrx_word' id='word_1_408' title='bbox 1119 2829 1182 2864; x_wconf 91' lang='grc'>11.</span> <span class='ocrx_word' id='word_1_409' title='bbox 1212 2829 1276 2863; x_wconf 77' lang='grc'>13.</span> <span class='ocrx_word' id='word_1_410' title='bbox 1304 2825 1419 2866; x_wconf 78' lang='lat' dir='ltr'>Mab.</span> <span class='ocrx_word' id='word_1_411' title='bbox 1449 2829 1486 2873; x_wconf 92' lang='lat'>1,</span> <span class='ocrx_word' id='word_1_412' title='bbox 1516 2828 1580 2863; x_wconf 87' lang='lat'>15.</span> <span class='ocrx_word' id='word_1_413' title='bbox 1604 2827 1701 2865; x_wconf 85' lang='lat'>236.</span> 
     </span>
     <span class='ocr_line' id='line_1_39' title="bbox 157 2889 1702 2948; baseline 0.006 -22"><span class='ocrx_word' id='word_1_414' title='bbox 157 2889 372 2929; x_wconf 63' lang='lat' dir='ltr'>carmulam</span> <span class='ocrx_word' id='word_1_415' title='bbox 393 2890 494 2941; x_wconf 73' lang='lat' dir='ltr'>Leg.</span> <span class='ocrx_word' id='word_1_416' title='bbox 523 2893 560 2933; x_wconf 87' lang='grc'>2,</span> <span class='ocrx_word' id='word_1_417' title='bbox 594 2895 626 2930; x_wconf 92' lang='lat'>1.</span> <span class='ocrx_word' id='word_1_418' title='bbox 658 2896 721 2931; x_wconf 90' lang='lat'>11.</span> <span class='ocrx_word' id='word_1_419' title='bbox 759 2893 873 2933; x_wconf 58' lang='lat' dir='ltr'>Mal).</span> <span class='ocrx_word' id='word_1_420' title='bbox 906 2898 940 2942; x_wconf 87' lang='lat'>1,</span> <span class='ocrx_word' id='word_1_421' title='bbox 970 2897 1006 2934; x_wconf 89' lang='lat'>2.</span> <span class='ocrx_word' id='word_1_422' title='bbox 1035 2898 1128 2933; x_wconf 84' lang='grc'><strong>263.</strong></span> <span class='ocrx_word' id='word_1_423' title='bbox 1164 2895 1400 2948; x_wconf 67' lang='lat' dir='ltr'>ymdcmvmt</span> <span class='ocrx_word' id='word_1_424' title='bbox 1421 2895 1537 2935; x_wconf 79' lang='lat' dir='ltr'>Mab.</span> <span class='ocrx_word' id='word_1_425' title='bbox 1571 2900 1607 2944; x_wconf 92' lang='lat'>1,</span> <span class='ocrx_word' id='word_1_426' title='bbox 1637 2901 1702 2936; x_wconf 85' lang='lat'>36.</span> 
     </span>
    </p>

    <p class='ocr_par' dir='ltr' id='par_1_10' title="bbox 1351 2961 1435 3000">
     <span class='ocr_line' id='line_1_40' title="bbox 1351 2961 1435 3000; baseline -0.012 0"><span class='ocrx_word' id='word_1_427' title='bbox 1351 2961 1435 3000; x_wconf 81' lang='lat'>25*</span> 
     </span>
    </p>
   </div>
  </div>
 </body>
</html>
