1897 3072
766 137 788 163 Ρ
797 136 1023 163 κΑΕΡΛΉο.
1587 122 1681 157 XLI

126 239 375 302 subjunxi.
442 240 565 284 Sunt
590 238 718 284 enim
744 239 863 285 haec
889 243 1205 284 monumenta
1229 243 1420 283 vetusta
1444 235 1673 298 genuina,

125 325 312 365 servata
358 318 410 363 in
458 318 704 364 codicibus
760 318 1045 378 aequalibus
1094 316 1345 363 vetustiori
1392 315 1540 362 aetati
1586 315 1681 360 lin-

124 415 249 461 guae
275 398 560 444 cambricae.
619 399 813 444 Harum
838 399 877 444 si
903 404 1039 444 tanta
1063 397 1203 457 copia
1228 403 1465 449 exstaret,
1498 400 1682 455 quanta

125 484 282 524 exstat
306 478 663 524 hibernicarum
698 478 989 539 glossarum.
1033 476 1175 522 facile
1210 476 1316 522 fieri
1354 481 1514 538 posset
1550 481 1682 520 vete—

124 575 232 604 rum
276 558 545 603 carminum
589 557 939 603 cambricorum
992 556 1234 603 restitutio
1284 556 1337 601 in
1383 555 1681 617 primitivam

125 654 261 684 suam
286 644 334 683 et
359 637 623 698 genuinam
648 636 868 682 somnam.
911 638 1211 698 Magnopere
1237 635 1388 697 igitur
1413 635 1682 696 optandum

126 724 221 770 est,
268 722 323 761 ut
347 715 438 760 viri
463 715 592 760 docti
618 715 854 777 ejusmodi
880 715 1075 777 glossas,
1108 731 1232 774 quae
1258 715 1309 760 in
1336 715 1583 760 codicibus
1610 714 1681 759 bi-

124 795 477 841 bliothecarum
514 800 667 840 terrae
703 795 996 840 continentis
1032 794 1111 840 vel
1148 794 1417 840 insularum
1443 793 1683 839 britanni—

124 891 288 920 carum
321 874 506 920 lateant
538 874 840 935 incognitae.
882 874 1166 936 diligentius
1195 873 1492 935 investigent
1530 879 1603 919 et.
1644 872 1683 917 si

121 953 413 1007 invenerint,
444 953 714 1014 publicent.

260 1034 398 1084 Quae
432 1040 726 1093 sequuntur,
768 1034 946 1094 partim
978 1034 1176 1094 quidem
1201 1033 1449 1095 pertinent
1478 1033 1539 1077 ad
1570 1047 1684 1077 ean-

124 1115 234 1159 dem
260 1121 494 1166 aetatem,
539 1130 567 1158 a
591 1113 940 1159 recentioribus
967 1120 1129 1159 tamen
1156 1113 1468 1173 scriptoribus
1494 1116 1681 1157 mutata

125 1200 173 1239 et
199 1193 510 1254 transscripta
535 1199 649 1239 sunt
672 1193 724 1238 in
749 1193 953 1239 formam
977 1193 1176 1254 linguae
1203 1209 1316 1238 suae
1343 1192 1531 1238 aetatis.
1574 1191 1681 1236 Ho-

123 1290 231 1318 rum
265 1273 420 1333 primo
455 1273 560 1319 loco
596 1274 850 1334 ponendus
888 1280 959 1319 est
1001 1273 1126 1319 liber
1160 1272 1517 1324 Landavensis‚
1567 1271 1680 1316 dein

122 1352 288 1413 legum
315 1354 466 1398 codex
491 1353 741 1398 vetustior.

263 1435 307 1478 5.
362 1431 510 1477 Liber
554 1432 911 1477 Landavensis.
980 1432 1143 1477 Multa
1174 1438 1365 1477 vetusta
1406 1437 1563 1476 servat
1604 1430 1681 1475 in-

125 1518 265 1563 tacta,
299 1512 416 1556 dum
441 1511 492 1556 in
519 1511 625 1556 aliis
649 1527 820 1557 manus
845 1527 1081 1556 renovans
1108 1511 1504 1571 deprehenditur.
1555 1511 1681 1557 Scri—

122 1597 231 1650 ptor
257 1590 413 1643 enim,
456 1591 541 1650 qui
567 1591 836 1651 composuit
861 1591 1040 1636 librum
1075 1590 1265 1636 saeculo
1292 1590 1578 1636 duodecimo
1603 1590 1679 1635 in-

123 1678 268 1715 eunte
294 1686 448 1729 usque
474 1671 534 1715 ad
553 1686 594 1715 a.
621 1670 761 1723 1132,
794 1671 955 1716 hausit
981 1686 1006 1716 e
1032 1670 1196 1715 codice
1221 1670 1498 1724 vetustiore,
1532 1679 1678 1729 atque

122 1765 182 1794 ex
218 1750 386 1794 eodem
423 1748 499 1794 vel
535 1748 682 1795 etiam
728 1766 752 1795 e
796 1750 1034 1796 tabulario
1081 1749 1310 1795 ecclesiae
1347 1749 1678 1795 Landavensis

120 1828 353 1889 plurimas
378 1829 550 1874 finium
578 1829 923 1890 descriptiones
960 1829 1199 1874 cambrice
1236 1829 1436 1889 scriptas
1460 1829 1677 1888 itemque

119 1909 375 1970 privilegia
411 1908 714 1970 episcopatus
751 1909 989 1955 cambrice
1025 1908 1289 1969 composita
1338 1909 1426 1970 [ed.
1467 1925 1516 1969 p.
1565 1909 1672 1969 113)

120 1988 274 2034 offert.
318 1989 516 2034 Praeter
540 1989 659 2034 haec
685 1989 789 2049 ipsa
812 1989 1011 2050 linguae
1037 1996 1353 2034 monumenta
1377 1988 1501 2034 liber
1526 1994 1677 2034 scatet

120 2067 399 2112 nominibus
424 2068 628 2129 propriis
654 2069 906 2115 cambricis
930 2068 1212 2129 praesertim
1239 2068 1450 2113 virorum
1476 2075 1524 2113 et
1548 2067 1677 2113 loco-

120 2162 243 2198 rum,
276 2161 400 2205 quae
427 2154 686 2194 occurrunt
714 2148 766 2193 in
792 2148 970 2193 chartis
996 2148 1209 2194 collectis
1235 2148 1286 2193 in
1312 2149 1475 2193 codice
1501 2165 1528 2193 a
1554 2154 1676 2193 tem—

118 2224 316 2284 poribus
342 2226 607 2285 primorum
634 2228 862 2273 ecclesiae
889 2228 1248 2288 episcoporum,
1290 2227 1538 2279 Dubricii‚
1583 2227 1675 2271 Te—

118 2303 249 2358 liavi,
293 2305 536 2359 Oudocei,
581 2308 641 2352 ab
677 2307 818 2352 initio
855 2307 1034 2352 saeculi
1069 2307 1371 2366 sextiusque
1397 2308 1458 2352 ad
1485 2313 1675 2367 tempus

119 2399 215 2442 quo
241 2384 446 2444 scriptus
472 2392 559 2431 est.
618 2386 792 2432 Editus
818 2392 889 2432 est
913 2386 992 2431 hic
1018 2387 1141 2432 liber
1166 2403 1281 2431 cura
1306 2386 1547 2431 societatis
1572 2402 1672 2430 ma-

118 2463 476 2524 nuscriptorum
502 2466 786 2515 cambricae,
830 2482 927 2511 non
953 2481 978 2511 e
1004 2466 1167 2511 codice
1194 2467 1373 2512 saeculi
1399 2464 1673 2512 duodecimi

117 2542 221 2603 ipso
270 2543 494 2602 quidem,
551 2545 636 2604 qui
684 2545 883 2591 evanuit
930 2545 1196 2590 recentiore
1245 2552 1428 2594 aetate,
1493 2546 1575 2590 sed
1611 2560 1671 2588 ex

118 2623 408 2683 apographis
432 2624 636 2675 duobus.
669 2641 766 2670 uno
790 2624 1086 2685 praesertim.
1120 2626 1250 2684 quod
1276 2625 1453 2670 codicis
1479 2625 1539 2669 ad
1564 2623 1672 2668 lite-

117 2717 192 2746 ras
225 2701 572 2763 literarumque
605 2703 781 2750 formas
818 2720 918 2750 esse
962 2705 1285 2751 imitationem
1336 2704 1540 2750 refertur
1590 2701 1665 2763 xcf.

116 2779 465 2840 praefationem
485 2783 709 2829 editionis
730 2801 778 2844 p.
796 2785 1029 2830 XXVII.
1047 2786 1355 2846 XXXVII)
1393 2784 1422 2828 J
1428 2800 1505 2828 am
1529 2788 1671 2827 antea

118 2861 356 2919 quaedam
389 2862 637 2921 publicata
675 2870 812 2909 erant
846 2864 898 2908 in
936 2865 1170 2925 Dugdalii
1206 2864 1476 2910 Monastico
1513 2862 1669 2924 angli—
