1897 3072
410 86 442 124 Ι.
484 89 518 124 1.
582 98 806 125 CONSONAE
830 97 1129 125 BRiTANNrcAE
1151 97 1381 128 LIQUIDAE.
1592 84 1663 123 131

119 198 364 240 stitutarum
394 204 536 238 autem
563 197 731 252 scriptio
754 206 817 238 est
837 197 1039 252 simplex,
1067 198 1104 247 l,
1129 212 1180 247 η,
1205 211 1252 245 r,
1279 204 1452 251 excepta
1473 211 1536 247 m,
1563 211 1669 251 quae

119 269 344 310 infectione
366 267 621 309 destituente
642 270 690 310 fit
711 284 752 319 u,
777 284 799 310 v
821 269 886 309 vel
901 268 950 323 f.

232 340 299 380 Ad
322 338 624 392 designandam
645 340 848 394 liquidam
871 340 888 380 l
905 354 991 380 non
1013 339 1258 380 destitutam
1282 346 1345 379 est
1366 338 1521 380 usitata
1542 338 1587 379 111
1604 354 1669 380 co-

120 411 297 460 dicibus,
319 425 354 450 e.
375 425 437 463 gr.
463 410 508 449 in
530 411 664 461 Mab.,
686 418 726 451 et
747 410 871 450 hodie
892 425 1058 464 quoque
1079 410 1245 451 residua
1266 409 1436 463 scriptio
1457 410 1670 463 geminata

120 483 176 530 ll,·
207 497 282 536 pro
304 481 463 535 liquida
493 495 516 521 r
546 496 632 522 non
654 481 856 522 destituta
887 488 1029 521 autem
1050 480 1100 521 rh
1123 480 1279 521 usitata
1301 480 1445 530 hodie,
1478 482 1669 521 nondum

118 552 163 592 in
192 552 419 593 codicibus.
464 553 518 592 In
548 552 613 592 his
641 560 782 592 tamen
803 552 945 593 addita
965 552 992 593 la
1015 552 1140 592 etiam
1161 559 1256 606 post
1276 551 1378 592 alias
1399 551 1579 605 liquidas
1599 567 1669 606 ge-

118 623 394 664 minationem
416 622 646 676 significat,
666 622 756 677 jam
777 623 821 663 in
842 624 933 663 cod.
964 628 1000 662 1.
1026 623 1165 663 Oxou.
1191 622 1236 663 in
1258 622 1509 676 quibusdam
1530 638 1669 663 exem—

117 694 219 748 plis,
255 708 361 747 quae
389 708 515 746 supra
546 693 673 733 allata
703 700 826 742 sunt,
860 693 1120 747 frequentius
1142 693 1187 733 in
1209 693 1326 733 aliis:
1359 693 1519 734 iarllzes
1549 694 1668 747 (alias

118 764 286 813 iccrlles,
313 763 541 816 eomitissa)
563 763 609 803 in
638 763 911 817 inscriptione
933 763 1085 804 codicis
1110 763 1226 804 rubri
1246 763 1502 817 incipientis.
1527 765 1667 806 ambe-

116 835 290 888 rawdyr
321 835 394 886 (=
415 848 616 883 ammer.,
652 849 674 874 e
702 834 776 875 lat.
808 834 1052 888 imperator)
1081 835 1198 874 Mab.
1224 834 1282 888 fq.
1315 834 1417 875 licat
1446 836 1672 889 aryanlzell

117 907 234 959 (mox
256 905 283 945 l.
309 905 528 958 arycmnel,
559 904 652 945 fons
674 905 980 959 A1·ga11telli?)‚
997 905 1100 959 pall
1117 904 1275 958 penhic
1297 906 1413 957 (mox
1426 920 1476 958 p.
1492 906 1664 959 penm'c,

116 976 230 1016 lacus
260 976 332 1028 P.)
360 975 454 1015 libr.
488 976 624 1016 Land.
656 980 748 1016 164.
780 981 872 1016 165.
915 976 1141 1018 Saranhon
1173 977 1235 1028 (n.
1268 990 1332 1029 pr.
1357 976 1459 1026 viri,
1495 977 1540 1017 in
1576 977 1668 1018 aliis

118 1062 302 1087 -αῑιηοιιι
371 1047 598 1096 ⁷occa7mon,
631 1046 834 1088 Rimmon
856 1048 973 1088 Mab.
1001 1051 1049 1097 2,
1077 1050 1172 1086 222.
1200 1050 1248 1096 3,
1278 1051 1371 1087 144.
1415 1048 1666 1098 Waranton,

121 1119 348 1167 Caranton,
381 1118 588 1158 Treanton
610 1117 654 1158 in
676 1118 809 1158 chart.
835 1118 997 1171 Rhed.)
1021 1118 1136 1158 Mab.
1165 1120 1203 1167 2,
1233 1120 1329 1158 206.
1356 1118 1526 1160 mialoeu
1548 1119 1669 1172 (alias

114 1188 298 1237 mimzeu,
325 1190 434 1242 ego),
465 1188 694 1242 kymmlced
713 1189 776 1242 (in
797 1188 889 1230 aliis
911 1188 1012 1229 locis
1034 1189 1258 1244 kyfcmned
1268 1221 1279 1239 ,
1306 1189 1420 1243 regio
1442 1190 1664 1244 habitata),

115 1258 332 1313 kerenhyd
359 1258 423 1311 (in
453 1258 545 1298 aliis
574 1259 675 1300 locis
706 1260 944 1315 lteremeyd,
977 1262 1110 1312 amor)
1141 1260 1256 1300 Mab.
1291 1260 1349 1314 fq.
1396 1262 1478 1301 Pro
1507 1261 1668 1315 liquida

114 1343 155 1369 m
178 1328 415 1383 originaria,
438 1329 536 1382 quia
557 1331 703 1369 eadem
718 1330 921 1370 destituta
937 1330 985 1370 fit
1002 1345 1044 1379 u,
1057 1330 1105 1384 f,
1128 1331 1285 1371 sufficit
1301 1331 1471 1385 scriptio
1489 1332 1668 1385 simplex

113 1414 178 1450 m,
205 1415 311 1454 quae
339 1399 465 1440 etiam
495 1414 656 1454 semper
685 1400 768 1440 fere
798 1399 843 1439 111
865 1414 946 1440 usu
968 1408 1030 1440 est
1051 1415 1126 1454 pro
1146 1400 1432 1454 geminatione
1453 1401 1662 1455 ejusde1n3

114 1471 308 1524 idemque
331 1485 431 1510 usus
454 1470 691 1524 scriptionis
714 1470 915 1524 simplicis
933 1471 1073 1511 minus
1095 1478 1286 1511 accurate
1303 1471 1515 1512 interdum
1534 1480 1666 1513 trans-

113 1542 162 1582 iit
183 1542 227 1581 in
251 1541 351 1581 alias
374 1540 554 1595 liquidas
568 1573 579 1591 ,
606 1548 654 1581 ut
675 1542 720 1581 in
742 1542 802 1582 -eZ
820 1543 912 1594 (pro
935 1542 1031 1591 -ell,
1067 1541 1112 1581 in
1134 1556 1259 1596 supra
1280 1542 1401 1582 dictis
1424 1543 1661 1597 exemplis),

113 1628 187 1653 ear
209 1615 283 1665 (=
303 1627 415 1661 carr,
442 1614 601 1665 carrus)
624 1613 746 1666 Leg.,
771 1613 881 1653 rlecm
905 1614 1036 1666 (pars)
1059 1612 1183 1652 hodie
1204 1627 1279 1666 pro
1300 1613 1454 1654 rhama.

227 1683 456 1724 Cornice
498 1683 681 1737 liquidae
711 1683 901 1724 internae
936 1683 1215 1737 geminandae
1258 1683 1574 1737 significantur,
1618 1695 1666 1727 ut

111 1754 330 1803 eambrice,
356 1754 482 1794 etiam
513 1754 655 1794 addita
684 1754 739 1794 lc:
773 1754 973 1795 lanherch
996 1754 1146 1806 (saltus
1160 1770 1171 1802 ;
1206 1753 1423 1795 llcmnereh
1447 1756 1562 1796 Mab.
1583 1757 1662 1810 fq.)

112 1825 269 1865 Vocab.
291 1825 439 1879 yelhccs
458 1825 574 1878 (ivit3
601 1824 700 1865 alibi
718 1825 877 1879 qallas)
903 1826 1022 1866 Pass.
1047 1828 1143 1874 246,
1167 1828 1205 1864 2.
1232 1839 1257 1864 a
1279 1824 1418 1879 <cymba
1436 1826 1527 1879 (qui
1544 1828 1659 1875 vult;

110 1894 165 1934 al.
185 1897 332 1950 mymz)
355 1900 448 1945 139,
475 1901 511 1935 1.
548 1895 716 1936 Sufficit
737 1903 778 1936 et
799 1911 838 1937 m
860 1896 1040 1950 simplex
1061 1910 1237 1950 semper,
1259 1910 1295 1935 e.
1315 1910 1378 1949 gr.
1400 1895 1444 1936 in
1461 1897 1544 1951 adj.
1571 1913 1661 1938 eam

111 1966 300 2019 (curvus)
329 1967 513 2016 Vocab.,
540 1966 585 2007 in
620 1966 826 2021 particula
862 1967 1060 2007 reflexiva
1095 1967 1312 2020 frequente
1348 1981 1431 2007 om-
1462 1967 1507 2008 in
1540 1970 1659 2009 Pass.

108 2037 401 2077 Veruntamen
421 2052 632 2091 nusquam
653 2037 823 2078 invenio
845 2053 938 2079 eam
960 2038 1244 2092 scriptionem,
1270 2052 1324 2077 ne
1346 2038 1397 2078 rh
1418 2038 1484 2078 vel
1506 2039 1549 2080 lh
1565 2024 1661 2094 *qui-

109 2107 218 2156 dem,
245 2109 297 2147 ad
319 2108 640 2161 significandam
661 2108 864 2162 liquidam
884 2109 1143 2162 primitivam
1164 2108 1448 2149 inchoantem.

221 2179 289 2217 Ar
300 2178 491 2218 morici
548 2178 708 2219 codices
757 2178 859 2219 item
910 2187 1068 2221 statum
1117 2178 1364 2234 primarium
1403 2179 1659 2233 liquidarum

107 2248 227 2288 nulla
261 2248 428 2303 propria
457 2248 680 2302 scriptione
710 2249 1004 2303 distinguunt,
1036 2265 1114 2290 nec
1144 2249 1373 2304 duplicata,
1402 2265 1479 2291 nec
1509 2266 1584 2305 per
1614 2252 1655 2293 Ιι.

105 2318 264 2359 Contra
295 2319 323 2359 h
353 2319 495 2359 addita
526 2319 739 2359 interdum
769 2320 993 2361 destitutas
1015 2321 1194 2375 liquidas
1218 2320 1454 2374 significare
1475 2322 1655 2371 videtur,

106 2403 143 2428 e.
167 2403 231 2442 gr.
262 2389 307 2429 in
327 2404 442 2430 nom.
474 2405 537 2444 pr.
572 2390 703 2431 chart.
738 2391 962 2431 Rhedon.:
1004 2392 1278 2433 Wrmlaaelon
1301 2394 1582 2444 (Gurmaelwz
1612 2394 1657 2434 in

107 2459 325 2514 Kemperl.
360 2462 469 2501 Mor.
497 2464 597 2514 465)
623 2464 669 2510 2,
699 2465 765 2502 25.
799 2462 1091 2512 Wrmhowen,
1132 2463 1437 2504 Guormhowen
1473 2468 1518 2513 1,
1549 2470 1585 2503 7.
1614 2467 1652 2512 2,

111 2534 175 2579 13,
201 2545 298 2570 eum
319 2531 473 2571 ibidem
500 2536 535 2580 1,
562 2537 608 2571 19
636 2531 690 2572 sit
718 2533 969 2574 lVorwolaen
991 2533 1044 2586 (si
1066 2533 1215 2574 saltem
1236 2542 1345 2574 recte
1366 2534 1652 2588 impressum).

106 2601 304 2641 Blaellcoe
334 2602 521 2653 (Maeloe
551 2603 661 2643 Mor.
689 2605 788 2656 307)
814 2607 862 2653 2,
894 2608 958 2644 13.
992 2604 1299 2646 Hetrlzewedoe
1327 2605 1446 2658 (alibi
1482 2606 1651 2653 Hetre-,

105 2671 291 2723 Habe)
315 2672 423 2712 Mor.
451 2677 546 2713 307.
593 2674 660 2713 Ita
681 2680 722 2714 et
743 2674 787 2713 in
809 2675 922 2714 Buh.
941 2689 949 2714 :
978 2675 1221 2730 santellacqff
1233 2675 1558 2729 (sanctissimus)
1583 2679 1651 2724 48,

110 2745 174 2781 11.
188 2741 320 2795 fecllze
343 2742 413 2794 (cf.
437 2743 538 2796 gall.
563 2743 660 2784 hod.
675 2744 811 2799 faille
833 2760 930 2786 cum
953 2746 970 2786 Z
986 2746 1125 2794 molli3
1156 2753 1219 2786 est
1243 2753 1382 2786 tamen
1404 2745 1529 2785 etiam
1557 2749 1650 2794 154,

110 2812 305 2866 12fcclle)
334 2817 434 2862 164,
465 2817 529 2854 12.
559 2818 652 2864 172,
681 2820 719 2855 5.
746 2815 966 2865 haerebat,
994 2816 1220 2858 laouenlcat
1241 2816 1458 2869 (gaudere)
1483 2819 1556 2865 28,
1584 2819 1650 2856 22.

1324 2883 1378 2922 9*
