1897 3072
422 164 484 203 ΙΙ.
513 169 551 203 3.
616 177 880 204 NUMERALIA
905 178 1148 204 HIBERNICA
1169 178 1453 206 CARDINALIA.
1625 165 1705 203 307

163 282 201 316 4.
226 280 319 326 196,
344 281 381 316 3.
407 276 513 331 hylas
532 276 675 330 (prior,
696 278 830 331 prius)
850 282 917 327 49,
941 282 978 317 2.
1003 283 1069 327 51,
1096 283 1131 317 1.
1153 278 1317 331 qwetha
1339 278 1582 332 (pessimus)
1607 283 1702 327 205,

162 351 200 386 4.
230 347 369 401 ytzvell,
391 347 510 401 qecell
529 347 706 399 (melior,
733 348 901 400 melius)
927 352 993 397 36,
1020 353 1057 387 3.
1086 353 1153 397 91,
1181 353 1219 387 4.
1254 363 1308 388 (m
1327 349 1469 402 {suella
1487 364 1594 402 qaas
1617 352 1633 396 (
1636 364 1706 403 01)-

161 417 287 457 timus
310 417 390 470 vir)
417 420 509 466 112,
536 422 575 457 4.

272 487 489 528 Armorica
518 503 539 528 e
562 488 701 528 Buh.:
738 503 851 543 may,
877 489 1079 544 muyhaff
1103 489 1272 544 (major,
1297 489 1551 542 maximus),
1575 490 1703 543 quell,

156 558 331 612 quellaf
351 558 528 611 (melior,
562 559 763 613 optimus)
793 559 850 612 sq.
896 560 951 599 Et
971 559 1190 600 hodierna:
1217 561 1320 601 mad
1347 561 1534 613 (bonus),
1567 574 1703 613 comp.

155 628 283 680 [lwell
301 629 557 681 ζφσθῖἶοοᾶ),
584 630 739 683 8111)01·1.
771 644 822 669 ar
846 631 1025 684 91170]Ζ(ι,·
1060 630 1195 670 (lrouk
1217 631 1405 683 (malus),
1431 644 1566 683 comp.
1589 644 1708 683 quta:

160 698 409 751 (qwasoch),
436 699 590 752 superl.
616 713 666 739 ar
687 714 846 754 measa.

272 769 472 809 Notanda
500 776 563 809 est
585 777 680 822 post
701 778 963 810 enumeratas
986 771 1299 811 terminationes
1320 769 1577 823 gradationis
1599 784 1708 809 cam-

158 838 271 878 brica
301 839 538 879 terminatio
569 839 833 893 aequalitatis
857 841 964 889 -ΕΤ,
990 840 1132 881 addita
1161 840 1391 895 adjectivis,
1418 839 1569 892 quibus
1591 854 1707 892 prae-

158 908 303 961 figitur
342 908 642 962 compositione
682 917 788 963 part.
824 910 900 965 ky,
936 910 1045 965 hyn,
1087 911 1364 964 subditurque
1401 923 1544 964 praep.
1580 924 1628 958 α,
1660 924 1709 948 ae

159 980 292 1031 (cum)
306 993 314 1018 ε
336 978 458 1019 niuer
474 979 683 1034 kylmrclet
698 995 724 1020 (ι
740 980 904 1021 kwnnw
917 981 1203 1034 (congregatio
1221 995 1351 1034 aeque
1370 980 1595 1034 splendens
1612 994 1709 1019 cum

158 1048 254 1101 hac)
278 1050 393 1089 Mab.
424 1055 460 1097 1,
492 1054 556 1089 16.
586 1064 704 1104 ymas
734 1050 1098 1105 kynuonlaeclicket
1124 1051 1218 1092 atha·
1247 1052 1369 1104 (puer
1397 1064 1527 1104 aeque
1557 1049 1709 1089 nobilis

158 1133 204 1159 ac
226 1120 291 1171 tu)
316 1123 352 1168 1,
375 1121 470 1160 264.
496 1120 773 1175 ackyntrv'stet
792 1122 944 1176 oedynt
964 1137 1014 1162 aa
1035 1122 1170 1175 ayllon
1192 1123 1252 1171 (et
1273 1136 1402 1175 aeque
1426 1120 1563 1161 tristes
1586 1128 1710 1160 erunt

159 1204 254 1229 cum
275 1192 426 1242 morte)
453 1195 489 1239 1,
519 1195 585 1230 36.

628 1485 856 1532 CAPUT
898 1489 1231 1534 TERTIUM.

707 1622 781 1667 De
807 1623 1153 1669 numeralibus.

273 1754 385 1794 Sunt
415 1754 579 1794 numeri
608 1754 743 1795 celtici
772 1765 819 1796 ut
847 1756 891 1795 in
914 1755 1005 1796 aliis
1028 1755 1185 1809 linguis
1207 1755 1454 1804 cardinales,
1481 1756 1704 1804 ordinales,

158 1824 310 1877 quibus
341 1824 458 1864 addit
487 1824 634 1879 lingua
661 1825 876 1866 hibernica
905 1826 1094 1876 classem,
1121 1840 1248 1879 quam
1276 1825 1473 1865 nesciunt
1503 1826 1708 1866 cambrica

157 1899 198 1932 et
219 1893 440 1949 pleraeque
462 1895 566 1936 aliae
588 1895 772 1950 linguae,
799 1896 1160 1937 substantivorum
1186 1895 1482 1936 numeralium.

500 2046 540 2090 I.
596 2045 958 2091 Numeralia
1004 2045 1358 2091 hibernica.

275 2180 310 2215 1.
355 2177 397 2217 Ν
410 2177 580 2217 umeri
615 2178 901 2218 cardinale
914 2192 932 2217 8
945 2210 956 2226 ,
981 2177 1298 2218 indeclinabiles
1321 2176 1506 2230 exceptis
1529 2185 1707 2231 quatuor

156 2245 301 2299 primis
332 2254 373 2286 et
403 2247 591 2287 summis.
633 2248 747 2287 Ante
770 2262 966 2288 numeros
987 2262 1061 2302 per
1082 2262 1125 2287 se
1147 2248 1304 2301 positos
1325 2247 1536 2302 praecedit
1557 2250 1595 2287 A
1618 2249 1705 2300 (ob-

157 2315 295 2356 tinens
327 2316 453 2357 etiam
481 2324 578 2357 ante
606 2318 766 2358 vocales
795 2325 836 2358 et
865 2317 1037 2366 medias,
1063 2332 1141 2357 nec
1163 2333 1366 2359 consonas
1388 2318 1595 2367 inficiens,
1620 2332 1707 2358 11011

156 2401 252 2440 ergo
280 2387 480 2427 articulus
493 2387 551 2440 ἲ),
577 2388 742 2442 saepius
773 2395 815 2428 et
843 2388 1044 2428 articulus
1075 2395 1213 2429 neutr.
1247 2389 1358 2443 plur.
1402 2389 1626 2429 Addentur
1654 2389 1706 2428 ob

155 2464 426 2511 conspectum
447 2458 674 2498 formarum
695 2458 821 2499 etiam
841 2458 1070 2512 composita
1091 2465 1131 2498 et
1153 2459 1351 2500 derivata.

271 2529 421 2568 Forma
442 2529 800 2569 substantivorum
821 2528 1089 2582 sequentium
1109 2529 1331 2582 peculiaris
1354 2537 1416 2569 est
1436 2537 1531 2582 post
1548 2529 1594 2568 II
1613 2535 1704 2568 tan-

158 2604 262 2646 tum,
284 2599 334 2637 de
351 2613 433 2651 qua
448 2599 537 2652 jam
554 2599 817 2653 disputatum
834 2607 896 2639 est
912 2614 1038 2653 supra
1055 2601 1115 2653 (p.
1133 2602 1212 2639 276
1232 2602 1331 2654 sq.).
1368 2601 1471 2640 Post
1488 2597 1704 2638 ulteriores

156 2681 351 2707 numeros
381 2669 537 2722 proprii
559 2670 719 2723 aliquid
740 2677 788 2710 ut
809 2670 853 2710 in
876 2670 1077 2710 hodierna
1097 2670 1243 2724 lingua
1265 2673 1391 2723 (quae
1413 2676 1508 2723 post
1527 2667 1704 2721 majores

155 2736 411 2789 multiplices
423 2753 445 2778 e
456 2740 501 2779 X
512 2740 646 2793 poscit
661 2740 837 2781 formam
848 2740 1123 2794 singularem)
1135 2741 1327 2781 nondum
1338 2737 1700 2785 animadvertitur,

156 2821 232 2846 nec
254 2807 492 2849 discordant
517 2811 568 2849 ab
590 2825 671 2850 usu
692 2810 869 2851 aliarum
889 2811 1132 2864 linguarum
1152 2809 1344 2863 exempla
1364 2808 1472 2848 infra
1493 2807 1579 2848 suis
1602 2807 1703 2848 locis

157 2878 395 2931 sequentia:
429 2879 487 2919 tri
507 2879 626 2920 tm'sil
645 2882 745 2931 (tres
768 2883 922 2933 casus),
949 2881 1006 2921 tri
1026 2881 1151 2921 taisel
1169 2880 1315 2927 (trium
1337 2893 1532 2926 casuum3
1564 2884 1699 2930 gen),

1342 2949 1390 2983 20
1408 2946 1428 2966 ³⁶²
