1897 3072
211 96 292 135 522
427 95 514 134 III.
547 97 585 134 2.
630 108 764 135 VERBI
786 109 1046 136 BRITANNICI
1067 109 1214 136 Ae'rrw
1238 108 1533 137 INFINITIVUS.

209 223 306 257 -aw,
332 206 533 247 armorica
553 207 670 247 addit
692 208 1006 248 terminationes
1028 208 1102 256 IF,
1124 209 1234 257 IFF,
1259 209 1371 248 AFF
1382 222 1390 248 ε
1415 214 1479 249 ret
1499 223 1543 248 eo
1563 208 1660 262 roff
1673 208 1760 263 diff

209 284 340 318 remet
360 279 376 330 (
382 277 548 331 justum
570 285 633 317 est
653 279 750 318 dare
769 277 875 317 mihi
896 277 1145 330 remedium)
1169 278 1281 318 Buh.
1309 282 1376 327 38,
1408 282 1473 317 17.
1500 278 1555 318 da
1576 278 1675 332 reis,
1701 280 1756 319 da

209 348 323 402 req'ff'
334 349 464 400 (dare,
490 348 542 388 ad
563 348 771 395 dandum3
797 349 951 387 cambr.
978 347 1088 396 rodi,
1114 348 1196 400 roi)
1219 352 1288 397 46,
1317 353 1383 388 16.
1410 351 1505 397 200,
1531 352 1596 387 17.
1613 348 1752 402 pidif,

209 419 265 458 da
277 418 427 472 Pidff
439 419 614 472 (petere)
636 422 703 466 44,
729 422 793 457 11.
816 421 883 466 52,
911 422 949 457 8.
976 419 1031 457 cla
1053 417 1187 472 sintzf
1199 418 1407 472 (obsequi)
1428 422 1495 467 20,
1520 422 1585 457 15.
1611 419 1668 458 da
1688 433 1756 458 ne-

208 488 309 543 :aff
327 489 398 541 (ad
423 489 632 535 nendu1n3
667 488 822 527 eambr.
847 488 1010 541 nyddu)
1037 491 1130 536 168,
1161 493 1225 528 17.
1261 489 1315 528 da
1340 488 1572 542 yuz‘squaff
1591 489 1661 540 (ad
1690 503 1757 528 ve—

209 558 442 606 stiendiun3
477 558 632 598 eambr.
662 557 879 611 ywisyaw)
905 560 972 606 26,
1002 562 1066 597 19.
1102 558 1156 597 da
1178 559 1336 612 messos,
1352 557 1584 612 pccrjfetaff
1594 559 1665 609 (ad
1686 572 1756 611 ap-

207 628 592 682 propinquandum,
614 627 934 680 perficiendum)
955 631 1021 677 62,
1046 632 1113 668 20.
1124 628 1354 683 fim'ssafa
1370 628 1631 681 mennafnet
1646 628 1758 680 (volo

208 698 346 750 finire)
372 703 439 747 38,
470 703 534 738 14.

322 770 494 808 Praeter
516 768 691 807 formam
712 766 912 807 infinitivi
933 768 1163 822 praesentis
1185 783 1271 809 non
1292 775 1355 809 est
1376 768 1471 808 alia.
1512 767 1757 808 Infinitivus

207 839 420 892 praeteriti
456 838 717 891 significatur
754 838 897 877 eadem
933 838 1085 887 forma,
1122 839 1189 878 cui
1224 839 1393 879 additur
1427 852 1570 892 praep.
1610 839 1757 892 ywedy

209 911 362 962 (post):
396 908 559 962 moneyz‘
584 913 655 947 uot
672 922 699 961 y
722 909 907 962 crydyon
929 909 1046 962 wecly
1068 910 1250 949 clemmzw
1272 923 1323 948 αν
1342 924 1369 963 y
1393 909 1467 949 lad
1485 908 1639 961 (dicere
1660 922 1757 948 con-

208 978 389 1018 suluisse
412 987 573 1019 sutores
597 978 647 1018 de
669 978 895 1018 occidendo
917 982 983 1031 eo)
1007 978 1123 1018 Mab.
1152 983 1190 1027 3,
1221 983 1315 1018 153.

321 1050 374 1088 In
402 1048 693 1102 participii
724 1048 1039 1101 praesentis
1070 1048 1242 1088 activi
1273 1048 1623 1101 significationem
1647 1056 1757 1088 tran-

207 1119 261 1158 sit
282 1118 518 1158 infinitivus
540 1118 816 1167 britannicus,
839 1118 872 1157 si
895 1118 1028 1157 eidem
1051 1119 1264 1158 adduntur
1285 1118 1513 1172 particulae
1536 1120 1755 1172 quaedam,

207 1190 251 1228 in
283 1189 470 1229 dialectis
503 1189 756 1237 differentes,
783 1203 889 1241 quae
911 1188 1019 1227 inter
1041 1203 1083 1227 se
1105 1196 1366 1242 comparatae
1387 1189 1759 1242 deprehenduntur

207 1259 400 1313 primitus
432 1259 775 1313 praepositiones.
821 1260 931 1300 Sunt
964 1273 1035 1298 eae
1063 1259 1218 1298 eambr.
1244 1258 1303 1308 in,
1328 1274 1384 1313 yn
1415 1259 1504 1311 (in3
1540 1259 1592 1299 ef.
1619 1266 1759 1299 tamen

206 1345 276 1383 yn,
303 1337 364 1378 ut,
390 1345 431 1383 p.
461 1333 574 1383 205),
602 1345 715 1370 corn.
749 1344 899 1370 armor.
933 1343 1007 1377 ow,
1041 1343 1088 1368 oz
1115 1331 1247 1380 (ortae
1276 1344 1297 1369 e
1322 1330 1466 1383 yzcrth,
1492 1344 1582 1378 urz,
1609 1329 1754 1382 apud).

319 1401 487 1440 Cambr.
525 1401 607 1449 IN,
634 1401 720 1440 YN
753 1402 1017 1453 (sequentem
1045 1414 1272 1439 consonam
1303 1414 1471 1440 servans
1502 1398 1759 1453 primitivam

208 1470 250 1509 in
274 1470 351 1509 hoc
373 1484 469 1519 usu,
490 1471 591 1510 dum
614 1470 857 1523 significans
880 1470 953 1509 lat.
974 1475 1021 1510 ut
1040 1469 1172 1523 magis
1190 1469 1346 1518 inficit3
1372 1470 1423 1509 cf.
1453 1486 1496 1524 p.
1519 1474 1616 1509 206.
1639 1472 1754 1521 219).

206 1539 427 1579 Vetustius
459 1540 700 1593 exemplum
723 1540 812 1593 jam
841 1539 1021 1579 occurrit
1052 1539 1162 1579 inter
1181 1540 1340 1593 glossas
1362 1540 1647 1581 Oxonienses:
1683 1538 1758 1578 hin

206 1611 388 1651 cetlimm
425 1610 779 1663 (‘1›1·0g1·edientes;
825 1611 877 1650 cf.
918 1610 1227 1664 appendicem).
1287 1611 1492 1665 Exempla
1528 1608 1759 1649 recentiora

208 1681 429 1721 innumera
451 1681 494 1720 in
517 1681 652 1729 Mab.,
673 1680 794 1720 obvia
815 1680 859 1720 in
882 1696 1132 1734 quacunque
1153 1680 1323 1735 pagina,
1348 1696 1384 1721 e.
1404 1696 1467 1735 gr.
1493 1686 1529 1730 1,
1554 1684 1570 1718 1
1589 1694 1597 1719 :
1622 1679 1761 1734 ydoed

205 1766 261 1804 yn
284 1751 417 1791 eistecl
434 1766 518 1805 yny
539 1751 724 1804 ystauell
742 1753 847 1803 (erat
869 1752 1017 1791 sedens
1038 1751 1082 1791 in
1104 1751 1296 1791 cubiculo
1319 1752 1428 1803 suo),
1452 1764 1682 1805 morynyon
1701 1764 1759 1804 yn

203 1821 383 1874 ywm'aw
405 1821 511 1861 wrtle
523 1821 731 1874 ffenester
752 1821 935 1874 (puellae
957 1821 1193 1861 laborantes
1215 1822 1267 1861 ad
1288 1821 1547 1874 fenestram).

322 1892 449 1930 Corn.
475 1891 571 1930 OW
596 1892 703 1942 (orta
736 1905 758 1929 e
789 1890 936 1939 worth,
971 1897 1088 1939 wort,
1114 1906 1240 1944 quam
1271 1890 1475 1943 originem
1505 1891 1645 1944 prodit
1675 1905 1758 1931 ser-

207 1961 344 2000 vando
376 1967 546 2007 tenues,
581 1967 802 2012 sequentes
832 1959 989 1999 medias
1021 1961 1287 2013 provehendo
1315 1960 1360 2000 in
1391 1968 1551 2010 tenues,
1586 1976 1629 2015 p.
1657 1965 1753 2001 206.

210 2032 331 2082 207):
363 2044 457 2082 pan
487 2030 552 2084 qfe
586 2029 730 2070 Clo-ist
759 2045 818 2069 ow
838 2044 946 2083 pesy
982 2031 1097 2079 (cum
1127 2030 1320 2070 Christus
1351 2038 1439 2071 erat
1471 2034 1611 2084 orans)
1635 2033 1754 2072 Pass.

211 2105 277 2150 62,
308 2106 343 2140 1.
369 2114 433 2139 me
458 2114 483 2139 (ι
505 2114 555 2139 ra
581 2099 732 2153 theuylc
754 2114 812 2139 ow
835 2114 882 2139 ca
911 2114 953 2139 os
981 2100 1124 2140 Christ
1146 2102 1239 2152 (ego
1260 2100 1410 2140 faciam
1432 2115 1504 2141 vos
1526 2101 1753 2155 capientes,

207 2186 352 2225 capere
375 2170 611 2221 Christum)
636 2174 702 2218 39,
730 2173 769 2209 2.
804 2170 857 2223 ef
879 2184 904 2209 α
934 2170 1081 2210 cloccas
1111 2185 1165 2210 (m
1195 2171 1338 2224 colyek
1368 2186 1427 2211 ow
1456 2186 1557 2212 cane
1579 2171 1759 2224 (audivit

207 2241 366 2294 gallum
387 2242 625 2292 canentem)
651 2244 718 2288 56,
749 2245 785 2279 1.
819 2254 896 2293 ray
918 2255 1007 2280 own
1029 2255 1087 2279 ow
1110 2255 1228 2280 crena
1251 2243 1367 2294 (prae
1391 2240 1535 2281 timore
1557 2244 1756 2294 tremens)

210 2316 276 2359 53,
304 2316 343 2350 4.
377 2311 448 2350 del
476 2311 632 2364 lecterys
661 2326 687 2364 y
709 2309 843 2349 bonon
864 2325 921 2363 yn
943 2309 1014 2363 lay
1034 2325 1090 2363 yn
1109 2325 1210 2363 yoys
1232 2325 1291 2350 ow
1303 2325 1423 2363 pewe
1445 2310 1521 2362 (ita
1541 2311 1649 2351 dixit
1669 2311 1758 2365 ipse

207 2382 252 2421 in
282 2394 405 2420 carne
434 2379 478 2419 in
511 2380 716 2432 sanguine
739 2379 905 2427 vivens3
943 2380 1066 2431 bewe)
1092 2383 1187 2428 256,
1213 2385 1252 2419 4.
1289 2381 1342 2434 (f
1363 2395 1388 2419 α
1411 2379 1551 2420 ίΙιτιείΙι
1574 2381 1665 2434 lays
1686 2395 1756 2420 no-

206 2451 317 2507 wytlt
339 2465 397 2489 ow
423 2449 536 2503 teslcy
560 2449 693 2501 (venit
714 2450 824 2502 leges
847 2464 975 2489 novas
997 2449 1246 2498 instituens3
1278 2450 1424 2504 desky)
1451 2454 1545 2498 107,
1571 2454 1612 2489 4.
1645 2465 1709 2504 ‘wy
1732 2465 1758 2490 α

205 2521 312 2576 {syff
330 2521 577 2573 bolcowyyon
606 2519 858 2572 warenozcylz
889 2534 948 2559 ow
978 2534 1116 2559 carme
1138 2521 1228 2572 (vos
1259 2519 1464 2560 habebitis
1486 2534 1690 2573 pauperes
1712 2520 1757 2560 in

208 2606 280 2631 vos
303 2590 531 2630 clamantes
544 2605 555 2637 3
578 2590 742 2643 yarme)
767 2593 833 2637 37,
862 2594 900 2629 3.
946 2590 1096 2630 Forma
1116 2589 1327 2643 primitiva
1344 2589 1491 2642 yorth:
1514 2591 1558 2630 ol
1575 2605 1694 2645 myns
1715 2605 1756 2631 es

209 2659 301 2701 ortlc
334 2660 400 2701 the
430 2660 593 2713 vlamye
615 2660 776 2711 (omnes
809 2659 881 2711 qui
910 2666 1011 2699 sunt
1041 2666 1081 2699 te
1110 2660 1466 2713 blasphemantes)
1494 2663 1586 2709 120,
1615 2664 1653 2699 3.
1693 2674 1758 2700 ese

208 2729 339 2770 worth
367 2745 393 2783 y
421 2744 586 2784 ι(χνειζιχε.
612 2743 729 2769 esons
760 2729 891 2769 worth
921 2745 948 2784 y
981 2729 1147 2785 thyytye
1168 2731 1274 2783 (erat
1304 2744 1400 2770 eum
1420 2744 1614 2784 gravans,
1639 2737 1758 2770 erant

210 2815 306 2840 eum
328 2801 571 2852 tractantes)
599 2801 692 2848 132,
720 2802 759 2838 2.
788 2803 882 2848 164,
912 2803 949 2839 1.
