1897 3072
770 139 1031 166 PRAEFATIO.
1538 131 1673 167 XXIX

256 243 448 288 Horum
476 259 601 287 unus
629 244 880 288 doctorum
907 243 1240 287 Hibernorum
1273 242 1487 288 codicem
1514 243 1678 288 Pauli—

118 339 235 367 num
271 339 330 367 cx
360 322 604 367 Hibernia
643 322 876 367 attulerit.
943 323 1086 367 Addo
1124 328 1287 367 tamen
1321 323 1395 369 his
1429 323 1670 371 omnibus,

119 403 251 460 quod
282 402 332 447 in
359 402 519 447 indice
547 401 726 447 saeculi
751 402 867 447 noni
894 401 1155 446 retustiore
1176 401 1409 447 librorum
1436 410 1677 448 monaste-

119 481 178 526 rii
207 481 254 526 S.
287 482 420 526 (111111
454 482 581 527 111101·
606 481 753 527 libros
780 481 976 527 scottice
1011 480 1212 541 scriptos
1237 488 1498 527 occurrunt
1531 482 1677 542 “Epi-

116 561 265 606 stolae
300 561 441 606 Pauli
476 562 527 606 in
562 561 656 606 1-01.
702 562 768 606 1.”
810 560 898 621 ¹¹Cf.
935 561 1251 606 Weidmanni
1279 562 1410 607 Hist.
1442 562 1668 607 biblioth.

118 642 166 685 S.
213 641 371 693 Galli,
428 646 475 685 01
510 640 700 685 Kelleri
734 641 1007 685 somnient.
1047 642 1105 686 de
1147 642 1285 686 codd.
1326 641 1590 686 hibernicis
1623 642 1674 686 in

116 720 347 766 Helvetia
373 720 640 772 asservatis,
673 719 724 764 in
751 719 984 781 exordio).

252 800 418 844 Codex
454 799 634 844 saeculi
671 799 788 844 noni
812 798 891 844 vel
924 799 1100 844 decimi
1126 799 1304 845 dicitur
1330 801 1482 846 codex
1509 800 1676 846 Pauli-

115 895 206 924 nus
226 878 642 940 &Virziburgensis
665 878 911 924 Eckharto
932 879 983 924 in
1003 879 1108 924 loco
1135 896 1280 940 supra
1298 879 1461 933 allato,
1493 880 1673 925 saeculi

114 959 256 1011 noni,
300 959 479 1004 saeculi
504 957 603 1004 fere
639 958 839 1012 decimi,
883 965 932 1004 et
966 958 1292 1005 bibliothecae
1330 959 1560 1004 ecclesiae
1597 976 1675 1004 ca—

115 1038 346 1083 thedralis
382 1038 434 1084 in
474 1039 580 1085 aliis
646 1040 684 1092 1,
719 1039 833 1085 272.
867 1039 1000 1100 847).
1067 1039 1163 1084 Sed
1196 1044 1294 1085 tam
1328 1039 1500 1101 lingua
1526 1056 1674 1099 quam

113 1118 350 1179 scriptura
376 1125 446 1164 est
472 1120 656 1170 eadem,
690 1135 814 1178 quae
836 1117 1024 1164 obtinet
1043 1118 1095 1164 in
1117 1119 1280 1164 codice
1294 1119 1667 1173 Mediolanensi,

113 1199 229 1243 dum
268 1199 504 1244 Prisciani
539 1198 868 1260 Sangallensis
905 1199 1057 1244 codex
1095 1215 1366 1260 congruens
1399 1200 1450 1244 in
1486 1216 1675 1244 summa

112 1277 379 1337 peculiaria
416 1280 656 1339 quaedam
689 1278 851 1333 offert3
907 1294 932 1323 0
968 1279 1196 1325 3001011110
1226 1280 1400 1325 horum
1427 1279 1665 1331 codicum,

114 1372 233 1415 quos
266 1358 356 1403 viri
390 1359 519 1404 docti
545 1358 743 1418 quidam
775 1358 965 1403 saeculo
992 1365 1160 1405 octavo
1187 1359 1530 1413 attribuerunt,
1565 1361 1673 1405 abs-

115 1436 240 1481 trahi
266 1438 462 1484 omnino
488 1455 587 1483 non
613 1439 771 1483 debet.

251 1517 295 1563 3.
339 1517 506 1563 Codex
540 1517 919 1563 Mediolanensis
953 1516 1279 1564 bibliothecae
1318 1519 1670 1565 Ambrosianae

115 1596 386 1646 [distinctus
411 1606 527 1642 nota
553 1596 608 1642 C.
642 1597 754 1649 301,
788 1614 815 1641 a
840 1612 916 1641 me
942 1596 1094 1642 literis
1112 1597 1241 1660 ML),
1274 1598 1543 1660 glossarum
1568 1615 1671 1644 mo-

111 1675 208 1721 lem
235 1677 487 1722 continens
520 1693 619 1721 non
658 1676 894 1721 minorem
933 1691 989 1721 ea
1015 1691 1162 1734 quam
1199 1678 1416 1724 continet
1449 1679 1671 1724 codicum

111 1761 223 1801 ante
250 1756 487 1801 dictorum
515 1756 737 1815 quisque.
782 1756 910 1800 Eum
935 1755 987 1800 in
1013 1756 1361 1803 bibliothecam
1387 1759 1670 1804 Ambrosia-

110 1851 224 1880 nam
261 1852 286 1880 e
313 1836 602 1882 monasterio
630 1835 861 1882 Bobiensi
888 1835 1176 1882 translatum
1202 1853 1325 1891 esse,
1368 1837 1517 1883 tradit
1542 1838 1669 1883 noti—

111 1913 180 1959 tia
204 1914 255 1960 in
280 1914 438 1961 fronte
465 1915 641 1961 codicis
667 1916 870 1961 haecce:
911 1915 1091 1961 “Hunc
1127 1917 1342 1963 codicem
1373 1923 1671 1963 commenta-

111 1993 293 2039 riorum
320 1995 367 2040 S.
400 1995 692 2056 Hieronymi
725 1995 778 2040 in
811 1994 1036 2055 psalmos,
1077 1996 1389 2058 longobardis
1422 1998 1669 2043 characte—

108 2073 243 2119 ribus
269 2074 593 2135 conscriptum
623 2091 677 2120 ac
698 2074 824 2120 notis
850 2073 940 2119 riri
966 2075 1095 2121 docti
1122 2077 1428 2137 adspersum,
1461 2078 1580 2124 scito
1606 2094 1667 2123 ex

109 2152 407 2198 bibliotheca
442 2154 585 2199 Bobii
618 2170 645 2198 a
672 2154 721 2198 S.
753 2154 1056 2202 Columbano
1093 2156 1319 2202 instituta
1354 2158 1586 2217 prodiisse
1613 2174 1668 2203 ac

136 2231 252 2276 hno.
285 2232 533 2278 Cardinali
560 2234 791 2279 Federico
819 2235 1123 2289 Bonomaeo,
1156 2237 1272 2281 dum
1292 2237 1667 2282 Ambrosianam

110 2310 459 2357 bibliothecam
496 2313 766 2358 Mediolani
798 2314 1080 2369 instrueret,
1132 2316 1281 2361 libros
1314 2317 1666 2378 manuscriptos

109 2390 327 2450 undique
365 2392 696 2451 conquireret,
744 2410 770 2438 a
802 2394 1174 2455 religiosissimis
1211 2396 1258 2441 S.
1291 2396 1546 2442 Benedicti
1579 2414 1665 2457 pa—

110 2470 264 2515 tribus
289 2488 488 2518 munere
514 2472 723 2518 vicissim
759 2474 819 2518 ab
846 2473 949 2534 ipso
976 2474 1117 2520 Rmo.
1162 2476 1364 2529 donato,
1404 2477 1665 2536 perhuma-

108 2549 235 2595 niter
269 2551 486 2597 oblatum
523 2551 670 2597 fuisse
712 2569 839 2599 anno
892 2554 1014 2599 1430ss
1051 2555 1269 2600 Antonio
1304 2555 1527 2616 Olgiato,
1578 2555 1663 2613 qui

107 2628 291 2688 primus
317 2646 424 2676 eam
449 2631 797 2677 bibliothecam
824 2634 1064 2688 tractavit,
1095 2634 1384 2695 praefecto.''

245 2709 582 2757 Inventarium
616 2711 852 2758 librorum
888 2715 1168 2760 monasterii
1204 2714 1457 2760 Bobiensis
1500 2712 1663 2760 confe-

108 2794 240 2832 ctum
267 2804 309 2833 a.
348 2790 467 2835 1461
511 2796 559 2836 01
595 2791 781 2837 editum
816 2794 876 2838 ab
902 2794 966 2838 A.
997 2794 1187 2855 Peyron
1226 2794 1277 2839 in
1304 2792 1462 2839 Praef.
1495 2795 1556 2839 ad
1581 2794 1663 2839 Ci-

108 2882 202 2911 cer.
233 2868 389 2914 Oratt.
422 2867 594 2927 fragm.
626 2871 832 2925 inedita,
875 2873 1035 2933 Stutg.
1072 2874 1214 2926 1824,
1255 2874 1374 2918 haec.
1412 2859 1471 2918 de
1497 2874 1660 2919 codice
