1897 3072
213 32 268 71 46
660 29 697 68 Ι.
742 32 778 68 1.
842 41 1064 68 CONsoNAE
1085 40 1306 68 CELTICAE.

210 144 389 193 videtur,
410 141 648 182 recentioris
671 140 843 195 originis
854 157 865 190 3
892 155 928 181 e.
949 155 1011 194 gr.
1038 148 1316 194 transgressae
1337 140 1498 181 inediae
1518 141 1563 183 in
1581 150 1751 185 tenues:

210 215 297 255 hib.
322 222 404 254 vet.
432 213 520 254 teitlc
543 212 745 265 (animus)
769 212 860 265 Sg.,
888 211 1070 252 tintzmth
1092 210 1413 264 (intelligentia,
1439 211 1750 266 interpretatio,

210 286 262 326 ef.
286 291 440 325 vetust.
465 283 564 337 gall.
589 282 922 331 Indutiomarus,
948 281 1050 321 slav.
1076 281 1207 331 duola,
1234 282 1388 331 anima,
1414 296 1435 322 e
1457 284 1544 322 rad.
1570 284 1690 336 dujcc,
1715 291 1757 324 et

209 370 272 410 gr.
303 351 495 407 θυμός),·
525 353 689 393 hibern.
721 359 805 392 vet.
839 357 955 406 tenqe
984 350 1149 404 (lingua
1167 373 1225 385 =
1245 352 1428 406 (linqua,
1461 353 1578 406 goth.
1614 356 1755 408 tenayo)

208 440 283 480 pro
313 426 467 479 damyan-
501 424 663 464 hibern.
688 430 771 463 vet.
798 422 932 471 cene'l,
966 422 1120 461 cambr.
1145 428 1229 462 vet.
1263 423 1413 462 cem'tol
1439 424 1634 477 (genus),
1660 439 1756 465 cum

209 497 333 536 verbo
355 494 562 537 roeln’nset
583 494 681 547 (orti
704 496 821 547 sunt)
845 494 935 546 Sg„
957 507 1030 546 pro
1054 507 1135 546 quo
1157 492 1259 532 alias
1276 493 1471 546 roqenair
1489 494 1631 546 (natus
1649 498 1751 549 est);

208 566 372 607 hibern.
397 572 479 605 vet.
503 565 678 614 chaleb,
700 565 854 605 cambr.
876 564 1057 618 cledclff
1071 564 1145 616 (=
1165 563 1238 603 lat.
1260 563 1474 617 yladius);
1495 579 1616 618 porro
1634 579 1753 606 voces

201 637 292 692 jam
313 636 446 676 dictae
467 636 631 676 hibern.
657 642 739 676 vet.
767 641 900 684 tresa,
926 635 1080 674 cambr.
1107 634 1231 675 traha
1254 635 1428 687 (audax)
1452 642 1493 675 et
1515 641 1631 689 (ray,
1665 637 1754 690 qui-

207 709 285 748 bus
307 707 414 747 addo
436 706 663 747 cambrica:
703 706 847 760 cqfccel
865 706 1069 757 (sumere,
1095 719 1264 758 capere3
1290 705 1452 745 hibern.
1478 713 1560 746 vet.
1583 707 1751 761 yabdl),

207 794 280 820 erce
308 794 333 819 ec
371 779 552 831 (radere,
594 777 820 831 sculpere),
861 775 1018 829 crcqfell
1059 775 1221 827 (radula
1236 807 1247 824 ,
1288 775 1498 828 scalprum
1511 792 1522 823 ;
1558 777 1750 830 yrauior,

207 851 414 904 sculptor,
448 849 493 889 111
514 848 717 900 Vocab.),
750 861 856 900 φημ’
878 845 1065 900 prydev’n
1095 844 1337 897 (Britannia
1364 845 1520 899 insula)
1553 847 1669 887 Mab.
1694 848 1751 902 fq.

206 923 290 962 Pro
311 920 448 960 medio
469 919 535 959 vel
555 920 639 958 fine
661 917 810 957 radicis
833 916 1074 970 exemplum
1090 915 1294 969 ejusmodi
1313 916 1646 970 transpositionis
1663 933 1752 959 esse

205 991 359 1046 poterit
387 990 572 1031 britann.
605 996 669 1030 ret
689 989 871 1042 (cursus)
903 1002 1000 1027 cum
1027 986 1222 1026 derivatis
1253 986 1361 1035 suis,
1395 987 1430 1026 si
1457 988 1756 1029 conferendum

205 1077 302 1102 cum
338 1060 514 1101 vetustis
557 1059 802 1107 Rhedones,
844 1058 1080 1098 Rhodanus
1119 1057 1188 1109 (cf.
1222 1072 1265 1111 p.
1295 1059 1379 1110 13).
1434 1058 1592 1098 Contra
1637 1073 1659 1098 e
1696 1067 1754 1099 te-

204 1133 360 1173 nuibus
391 1140 671 1184 transgressae
699 1129 745 1169 in
773 1129 952 1169 inedias:
988 1128 1152 1168 hibern.
1177 1136 1259 1167 vet.
1295 1129 1366 1177 do,
1402 1129 1556 1168 canrbr.
1593 1130 1648 1183 dy
1681 1131 1754 1182 (Ξ

207 1210 325 1251 ίιιει3,·
363 1217 483 1257 pron.
516 1203 741 1255 possess),
782 1200 869 1240 hib.
906 1199 1037 1253 qscbcil
1071 1200 1144 1251 (=
1173 1202 1361 1252 capere),
1401 1199 1564 1239 hibern.
1601 1200 1750 1253 φιόαν,

205 1275 359 1315 cambr.
392 1288 448 1327 {sa
476 1287 526 1312 (ιν
565 1292 622 1305 =
643 1285 793 1323 capem-
821 1271 911 1324 jam
940 1270 987 1310 in
1013 1269 1188 1310 vetustis
1215 1269 1456 1309 nominibus
1480 1269 1641 1322 gallicis
1669 1272 1753 1311 Ga-

205 1345 304 1395 bali,
337 1345 543 1392 Gabreta,
575 1343 910 1396 Gabromayecs),
935 1341 1098 1381 hibern.
1125 1348 1208 1381 vet.
1235 1340 1421 1388 blindan,
1450 1341 1603 1380 cambr.
1630 1341 1754 1396 blwy-

205 1417 319 1470 dclyn
343 1416 498 1467 (annus
510 1431 520 1462 ;
541 1435 597 1447 =
614 1413 720 1461 bled,
743 1413 795 1452 cf.
822 1413 923 1452 slav.
947 1412 1058 1465 ljeto,
1079 1413 1250 1465 annus).
1285 1411 1406 1450 Addo
1423 1410 1501 1451 hoc
1518 1411 1608 1451 loco
1629 1411 1755 1451 etiam

204 1496 484 1540 transgressae
506 1500 544 1534 r,
570 1499 605 1524 w
627 1484 672 1523 in
695 1483 716 1523 b
738 1483 951 1537 exempla:
978 1483 1141 1523 hibern.
1162 1489 1244 1522 vet.
1272 1483 1354 1531 bia,
1378 1482 1461 1531 beo,
1483 1483 1636 1522 eambr.
1662 1482 1752 1536 ὀψο

204 1557 376 1610 (vivus),
401 1556 564 1595 hibern.
586 1563 668 1595 vet.
696 1554 817 1595 hetheo
840 1553 976 1606 (vita).
1003 1553 1166 1593 hibern.
1193 1554 1347 1593 cambr.
1374 1554 1449 1593 ben
1480 1553 1670 1605 (mulier3
1697 1552 1748 1592 cf.

202 1629 276 1669 lat.
311 1629 451 1667 Venus
465 1628 521 1679 22).
547 1625 734 1665 britann.
756 1624 847 1664 beri
867 1626 940 1675 (=
963 1633 1077 1676 cerel)
1095 1624 1271 1672 Vocab„
1292 1624 1456 1664 hibern.
1481 1617 1572 1664 vet.
1591 1623 1749 1672 bio-dae,

205 1698 355 1738 berae-lc
386 1698 460 1751 (gl.
496 1697 686 1748 verutus)
718 1695 790 1748 Sg.
819 1698 901 1734 (50³.
934 1694 1120 1734 britann.
1163 1694 1267 1734 buch
1308 1715 1364 1728 =
1385 1696 1542 1746 vacca).
1584 1693 1748 1733 hibern.

201 1769 385 1809 britann.
409 1769 513 1808 bran
537 1769 727 1819 (corvus3
754 1765 856 1805 slav.
879 1779 997 1813 wan,
1020 1770 1171 1816 wrsm).
1193 1766 1347 1805 carnbr.
1368 1772 1451 1804 vet.
1475 1764 1536 1804 iob
1560 1765 1634 1816 (=
1653 1765 1747 1811 Jov,

200 1839 386 1893 Jupiter)
408 1839 465 1891 gl.
492 1839 631 1878 Oxon.
657 1837 820 1876 hibern.
846 1842 929 1875 vet.
954 1835 1063 1889 feslb
1099 1834 1264 1885 (vidua3
1299 1836 1400 1875 slav.
1426 1835 1624 1886 aedom-cc)
1647 1834 1747 1874 Wb.

200 1911 266 1951 Ita
289 1917 328 1950 et
349 1909 598 1964 pronomina
619 1908 782 1947 hibern.
809 1914 890 1947 vet.
917 1906 978 1946 sib
1002 1908 1076 1959 (Ξ
1100 1920 1189 1954 cos,
1218 1907 1348 1948 literis
1372 1904 1678 1959 transpositis),
1705 1912 1751 1944 ut

200 1982 276 2022 bar
299 1982 374 2033 (=
395 1984 558 2033 cester).

315 2050 515 2105 Sequitur
545 2065 596 2090 ex
624 2049 712 2098 his,
749 2048 793 2089 111
822 2048 967 2101 lingua
997 2047 1142 2087 celtica
1172 2054 1220 2087 ut
1248 2047 1293 2086 in
1324 2046 1477 2087 slavica
1502 2053 1543 2086 et
1563 2045 1751 2100 prussiea

201 2122 526 2163 destructionem
558 2120 734 2160 subiisse
766 2119 941 2159 classem
985 2118 1262 2172 aspiratarum
1302 2116 1575 2171 pristinarum
1618 2123 1751 2156 trans-

198 2193 409 2247 gressione
432 2207 507 2232 sua
529 2191 572 2232 111
593 2190 750 2230 inedias
763 2222 774 2239 ,
805 2205 901 2229 cum
922 2204 1008 2229 non
1029 2189 1156 2229 etiam
1179 2197 1459 2241 transgressae
1481 2187 1566 2228 sint
1587 2195 1745 2227 ceterae

199 2264 349 2304 classes
371 2271 419 2303 ut
440 2263 484 2302 in
506 2261 758 2315 germanica.
795 2262 920 2304 Quod
940 2260 1159 2313 hucusque
1176 2259 1349 2308 dictum,
1370 2257 1580 2312 generalis
1602 2264 1665 2297 est
1685 2271 1747 2297 re-

198 2335 299 2388 gula
328 2347 607 2373 consonarum
643 2331 886 2372 celticarum
922 2329 1229 2385 proculdubio.
1272 2331 1383 2370 Sunt
1410 2329 1577 2369 residua
1606 2335 1746 2368 tamen

197 2406 347 2445 rudera
368 2404 659 2457 aspiraturum,
681 2410 766 2442 tam
788 2402 833 2442 in
854 2401 1001 2441 celtica
1022 2416 1148 2454 quam
1169 2400 1213 2440 in
1235 2399 1388 2440 slavica
1404 2398 1564 2451 lingua,
1587 2399 1638 2437 de
1655 2396 1745 2451 qui-

197 2477 276 2516 bus
298 2474 406 2515 infra
427 2474 587 2514 dicetur
609 2473 681 2513 ubi
703 2474 753 2512 de
775 2471 966 2526 aspiratis
989 2471 1226 2511 disseretur.

310 2547 601 2586 Consonarum
633 2543 875 2583 colticarum
907 2541 1224 2596 dispositionem
1253 2540 1370 2579 illam
1394 2538 1484 2592 jam
1515 2537 1745 2578 obtinuisse

200 2625 382 2671 tempore
403 2613 686 2656 vetustissimo
705 2621 745 2653 et
760 2614 849 2667 jam
867 2620 963 2653 ante
985 2619 1165 2652 aetatem
1182 2612 1486 2657 Romanorum,
1509 2616 1572 2649 sat
1592 2616 1707 2664 patet
1723 2623 1745 2648 e

196 2687 371 2727 vetustis
394 2685 634 2727 nominibus
655 2684 816 2738 gallicis
832 2683 922 2738 jam
944 2682 1104 2723 allatis:
1137 2676 1416 2736 Πετουαριά,
1440 2675 1742 2732 πεμπεὸουλά,

196 2757 428 2810 (latuslogi,
455 2755 697 2805 Gobanitio,
724 2754 891 2795 Gabali.
