1897 3072
187 55 268 93 204
344 54 380 92 Ι.
409 56 447 92 2.
492 64 715 92 CONSONAE
736 62 1036 91 BRITANNICAE
1059 62 1337 91 INCHOANTES
1360 65 1642 93 PRIMITIVAE.

186 168 221 207 E
244 167 390 220 sing).
436 164 687 206 Possessivis
717 163 919 204 absolutis
950 164 1313 204 adnumerandum
1341 164 1437 204 fem.
1467 170 1504 206 3.
1529 181 1593 220 ps.
1618 166 1727 221 sing.

182 254 225 292 y,
252 237 287 277 si
307 251 394 277 non
416 242 650 289 sequuntur
673 241 835 283 tenues,
861 248 967 288 quae
989 234 1228 288 aspirantur
1248 235 1299 274 ab
1321 235 1479 275 eodem.
1526 237 1732 292 Exempla

184 308 292 348 infra
313 307 358 347 in
379 306 514 360 capite
535 306 586 345 cle
606 304 941 359 pronominibus.

298 377 544 418 Cornice.
589 377 631 426 a)
665 376 768 415 Post
797 375 1046 429 pronomina
1075 376 1308 430 possessiva
1338 377 1528 417 absoluta
1565 382 1599 418 1.
1625 385 1667 418 et
1690 382 1727 418 2.

184 464 293 503 pers.
314 449 424 502 plur.
451 461 577 501 ayma,
603 445 723 499 assim
758 445 798 498 b)
830 453 924 499 post
940 445 1175 499 personalia
1196 445 1328 486 infixa
1355 451 1390 486 1.
1415 461 1523 500 pers.
1550 448 1658 502 sing.
1684 450 1732 489 M

185 524 305 573 (am),
339 519 450 572 plur.
487 518 529 557 N
561 517 731 570 (aqam),
761 519 799 555 2.
824 530 933 569 pers.
967 516 1077 569 plur.
1114 516 1141 556 S
1174 516 1324 570 (aqis),
1353 521 1390 557 3.
1416 532 1524 571 pers.
1559 518 1666 572 sing.
1692 526 1734 559 et

182 591 292 644 plur.
319 590 360 630 N
391 590 505 641 (aa),
534 587 560 628 S
591 589 699 639 (as);
741 591 779 639 e)
809 594 904 640 post
931 586 1163 640 possessiva
1190 587 1322 628 infixa
1355 593 1390 627 1.
1414 602 1523 642 pers.
1550 588 1658 643 sing.
1684 590 1733 629 M

184 662 305 714 (am),
330 659 440 713 plur.
466 659 523 699 N.
568 658 774 697 Addenda
797 665 896 697 sunt
923 671 1113 711 pronom.
1138 672 1316 711 possess.
1342 658 1533 699 absoluta
1559 664 1595 699 1.
1620 674 1728 714 pers,

183 746 258 779 ow,
286 736 324 770 3.
349 744 458 784 pers.
484 729 592 782 sing.
618 728 716 768 fem.
740 744 767 783 3]
790 735 830 767 et
851 728 961 782 phir.
990 732 1028 767 3.
1053 742 1162 782 pers,
1188 743 1284 783 assa,
1311 728 1346 768 si
1374 744 1460 768 non
1489 730 1645 770 adsunt
1674 736 1732 770 te-

183 816 303 851 nues,
330 815 436 855 quae
467 799 625 840 scilicet
654 799 765 838 solae
794 798 1034 852 aspirantur
1054 805 1150 852 post
1171 800 1330 838 eadem.
1375 799 1581 853 Exempla
1605 800 1728 841 infra.

295 871 568 912 Armoriee
599 870 643 909 in
666 870 765 909 Vita
789 869 832 909 S.
859 869 1039 909 Nonnae
1069 876 1164 922 post
1184 868 1433 921 pronomina
1454 869 1624 909 infectio
1646 885 1731 911 om-

181 944 284 983 nino
305 958 391 982 non
414 948 560 981 notata
581 939 809 979 invenitur.
854 939 1074 978 Hodierna
1094 938 1241 992 lingua
1263 938 1463 979 armorica
1483 941 1734 993 generaliter

182 1014 405 1054 concordat
435 1026 531 1051 cum
561 1010 780 1059 cambrica,
808 1010 880 1049 sed
911 1016 952 1049 et
979 1009 1061 1058 hie,
1088 1016 1136 1049 ut
1166 1009 1283 1058 alias,
1309 1010 1536 1063 peculiaria
1566 1018 1607 1052 et
1634 1027 1728 1053 ano-

181 1085 292 1125 mala
322 1083 528 1137 quaedam
558 1080 772 1135 produxit.
824 1081 972 1120 Manet
1004 1087 1137 1120 status
1174 1079 1423 1133 originarius
1454 1095 1733 1122 consonarum

180 1162 275 1210 post
296 1168 474 1209 possess.
500 1152 581 1193 hon
613 1153 805 1204 (noster),
831 1150 882 1191 ho
906 1153 1092 1204 (vester),
1118 1158 1213 1205 post
1240 1151 1475 1204 personalia
1496 1160 1537 1192 et
1558 1153 1690 1194 infixa
1710 1169 1733 1193 z

181 1228 274 1279 (te),
302 1225 352 1266 ho
376 1226 501 1277 (vos),
523 1222 707 1276 exceptis
733 1230 873 1262 tamen
893 1221 1041 1262 mediis
1065 1222 1102 1271 b,
1124 1222 1165 1271 d,
1184 1237 1226 1276 q,
1249 1236 1354 1275 quae
1376 1229 1470 1276 post
1491 1222 1542 1263 ho
1561 1225 1727 1276 (vester,

181 1300 270 1350 vos)
294 1304 335 1336 et
356 1311 391 1345 z,
417 1310 467 1334 a:
490 1296 566 1349 (te)
589 1293 881 1347 provehuntur
908 1293 953 1333 in
985 1300 1131 1333 tenues
1145 1307 1194 1345 p,
1223 1298 1250 1341 t,
1276 1292 1317 1342 k,
1344 1300 1385 1333 et
1407 1301 1580 1347 excepta
1601 1294 1733 1334 forma

180 1382 358 1423 possess.
394 1374 434 1406 et
469 1379 578 1419 pers.
614 1364 690 1404 hor
721 1366 901 1416 (noster,
933 1365 1051 1415 nos),
1089 1377 1195 1417 quae
1227 1372 1472 1416 sequentem
1502 1364 1529 1404 k·
1559 1364 1728 1418 aspirat.

182 1440 361 1479 Manent
390 1451 512 1491 porro
544 1449 750 1475 consonae
782 1435 963 1474 intactae
984 1441 1077 1487 post
1099 1448 1331 1488 pronomen
1352 1435 1574 1489 possessiv.
1605 1440 1640 1475 1.
1665 1450 1728 1489 ps.

181 1509 290 1562 sing.
323 1523 373 1548 τα
405 1509 576 1561 (meus),
605 1510 642 1545 3.
668 1519 777 1559 pers.
811 1504 920 1557 sing.
946 1504 1043 1544 fem.
1069 1504 1120 1545 lte
1152 1506 1325 1557 (cambr.
1360 1521 1409 1560 y,
1435 1506 1571 1559 fem.),
1600 1510 1638 1546 3.
1662 1520 1727 1560 PS.

181 1581 291 1635 plur.
326 1579 376 1620 ho
409 1581 594 1631 (eorum3
630 1577 785 1616 cambr.
811 1577 903 1629 eu);
938 1582 1034 1630 post
1063 1590 1184 1629 pron.
1217 1589 1383 1629 person.
1412 1580 1449 1616 3.
1474 1591 1641 1630 person.
1667 1591 1728 1630 sg.

182 1651 278 1692 fem.
306 1650 355 1691 he
377 1650 520 1702 (eam),
549 1651 587 1687 2.
614 1654 655 1687 et
679 1652 716 1687 3.
742 1661 850 1702 pers.
875 1647 986 1701 plur.
1012 1646 1063 1687 ho
1087 1648 1191 1699 (VOS,
1219 1649 1305 1699 eos)
1329 1654 1426 1687 ante
1457 1648 1581 1687 verba
1611 1646 1730 1699 (alias

181 1722 347 1774 infixa),
374 1718 559 1772 exceptis
583 1717 797 1767 tenuibus,
824 1732 930 1771 quae
953 1718 1004 1757 ab
1026 1716 1175 1756 iisdem
1196 1717 1448 1771 aspirantur.
1493 1716 1577 1756 His
1599 1718 1731 1756 adnu-

181 1791 429 1832 merandum
445 1803 566 1843 pron.
587 1802 696 1841 pers.
717 1787 899 1827 infixum
921 1792 957 1827 1.
978 1802 1041 1841 ps.
1064 1787 1172 1840 sing.
1194 1801 1250 1836 m,
1272 1801 1340 1827 am
1359 1788 1476 1840 (me),
1495 1788 1605 1840 quod
1623 1787 1731 1827 solas

186 1870 332 1903 tenues
355 1860 382 1900 k
403 1867 444 1900 et
466 1865 482 1899 t
501 1858 670 1912 aspirat.

297 1937 335 1971 5.
371 1932 473 1971 Post
495 1928 610 1969 verbi
631 1928 885 1969 substantivi
906 1929 1073 1969 formas.
1114 1928 1381 1969 Cambriee
1409 1935 1504 1982 post
1525 1942 1630 1977 mae,
1657 1929 1736 1969 oed

181 2012 260 2044 ete.
280 2018 288 2043 :
314 2017 406 2042 mae
426 2000 626 2055 mzeyhaf
635 1999 790 2053 ,φη-νεὼ
811 2001 892 2053 (est
913 1999 1095 2040 maxime
1116 1999 1284 2051 mulier)
1308 1999 1424 2038 Mab.
1455 2004 1491 2048 1,
1521 2003 1585 2038 17.
1610 2013 1732 2053 ymae

181 2073 377 2129 becystm'l
404 2074 485 2125 (est
514 2070 663 2123 bestia)
692 2075 727 2119 1,
756 2075 823 2110 33.
858 2071 995 2125 ydoecl
1023 2069 1125 2109 haer
1157 2069 1255 2122 (fuit
1285 2071 1485 2122 castrum)
1514 2074 1556 2118 1,
1585 2074 1623 2109 3.
1658 2074 1733 2124 nyt

181 2145 257 2185 oed
285 2143 456 2199 kynurd
480 2156 572 2196 ρων
600 2156 649 2181 (ιο
670 2141 723 2195 ef
746 2143 849 2193 (non
881 2141 961 2181 fuit
993 2155 1123 2194 aeque
1152 2139 1304 2180 nobilis
1326 2139 1388 2179 vir
1410 2146 1534 2193 atque
1556 2139 1662 2193 ipse)
1689 2143 1727 2189 2,

183 2220 256 2255 371
271 2247 279 2254 .
319 2213 455 2255 Obvia
476 2220 616 2252 tamen
634 2212 827 2267 exempla
842 2211 1080 2252 infectionis
1099 2210 1339 2259 destitutae,
1361 2224 1466 2264 quae
1482 2209 1635 2250 videsis
1653 2210 1730 2250 sub

181 2287 230 2327 C.
256 2286 293 2325 Ι.
322 2289 360 2324 6.

295 2357 398 2396 Post
418 2355 543 2395 verba
562 2353 674 2395 vocis
696 2353 930 2407 sequentis,
958 2353 1043 2394 sive
1065 2353 1118 2393 sit
1140 2351 1374 2406 subjectum
1396 2350 1481 2391 sive
1502 2349 1726 2404 objectum,

181 2441 364 2468 consona
393 2424 596 2464 inchoans
617 2431 761 2464 manet
782 2424 883 2465 item
905 2423 1129 2477 originaria
1150 2423 1409 2476 frequenter:
1444 2427 1584 2476 mynet
1604 2435 1730 2460 aoruc

182 2497 251 2539 kei
279 2497 357 2550 (ire
388 2494 524 2548 eoepit
554 2494 700 2547 Caius)
733 2496 849 2535 Mab.
880 2500 916 2545 1,
945 2499 983 2535 2.
1017 2493 1255 2549 ymclzoelzct
1284 2505 1412 2531 aoruc
1430 2492 1620 2544 peredecr
1648 2490 1729 2544 (in-

181 2575 339 2609 vertere
361 2565 497 2621 coepit
517 2567 590 2619 P.)
619 2570 654 2614 1,
683 2569 778 2605 237.
810 2565 1046 2620 ymchoelut
1063 2578 1181 2617 pemz
1211 2578 1237 2618 y
1269 2561 1397 2602 var-eh.
1420 2561 1642 2614 (invertere
1664 2576 1728 2601 ca-

182 2647 261 2694 put
282 2638 377 2693 equi
396 2637 478 2691 sui)
502 2642 538 2687 1,
558 2641 622 2676 13.
641 2639 736 2675 242.
764 2650 810 2675 or
827 2636 962 2690 φυσᾷ]
986 2635 1076 2675 (lu-s
1100 2640 1160 2674 tec
1182 2632 1235 2685 (si
1256 2633 1371 2672 vides
1388 2632 1619 2687 pretiosum
1636 2631 1728 2684 pul-

182 2711 363 2762 chrum),
388 2724 414 2764 y
442 2708 616 2763 ywelwn
649 2706 739 2747 tlws
772 2712 830 2747 tec
858 2706 1068 2759 (videbam
1088 2719 1151 2758 pr.
1177 2706 1241 2758 p.)
1269 2707 1305 2752 1,
1333 2706 1428 2743 238.
1456 2706 1551 2742 239.
1577 2701 1728 2754 (Νεμεί-

184 2781 263 2821 law
286 2779 436 2835 cledyf
457 2779 638 2832 (trahere
659 2776 866 2832 gladium)
893 2780 929 2826 1,
957 2780 1024 2815 31.
1055 2790 1082 2830 y
1105 2774 1293 2830 klyu-ync
1313 2773 1547 2815 marclzawc
1570 2771 1728 2824 (audic-
