1897 3072
188 97 306 132 XXX
840 107 1101 136 PRAEFATIO.

190 206 362 260 refert,
405 224 530 268 quae
556 209 853 256 conveniunt
885 227 995 255 cum
1021 211 1333 258 adnotatione
1366 212 1569 271 antiqua
1592 212 1643 258 in
1669 230 1747 259 co-

191 287 297 333 dice
332 287 437 348 ipso
475 287 633 350 (Peyr.
664 305 713 349 p.
747 289 827 334 26.
869 289 1002 347 1883:
1054 289 1155 335 “In
1186 290 1278 335 hoc
1313 290 1557 337 volumine
1593 292 1748 338 conti—

189 372 334 412 netur
367 366 660 428 Hieronymi
697 369 966 430 presbyteri
1005 369 1243 430 expositio
1283 385 1426 430 super
1463 371 1748 431 psalterium

188 462 289 491 non
316 452 478 492 tamen
504 463 532 491 a
558 447 711 507 primo
736 447 922 507 psalmo
947 448 1082 508 prius
1106 449 1361 510 incipiens.
1405 450 1488 495 sed
1513 451 1748 509 quosdam

192 525 312 570 alios
337 525 572 572 indirecte
598 527 732 587 prius
758 527 1010 572 disserens.
1065 527 1241 573 deinde
1267 529 1328 573 ad
1352 528 1648 589 psalmorum
1674 546 1749 575 or-

189 604 357 650 dinem
392 605 444 650 id
480 612 552 651 est
586 623 614 650 a
637 606 795 667 primo
829 606 1069 668 incipiens
1103 613 1151 653 et
1176 608 1372 653 demum
1398 609 1749 668 subsequenter

188 683 243 729 in
269 683 571 744 expositione
596 687 861 746 procedens
887 702 1040 745 usque
1062 687 1123 732 ad
1142 687 1290 733 finem
1316 687 1550 748 psalterii.
1591 689 1642 734 in
1668 689 1745 735 lit-

189 769 294 808 tera
318 763 618 825 langobarda
643 765 757 811 satis
781 765 988 827 legibili.
1030 767 1144 813 satis
1164 767 1330 829 magni
1350 767 1556 814 volum.”
1595 769 1746 815 Hunc

189 849 354 888 tamen
380 844 785 890 commentarium
811 845 1113 907 Hieronymo
1139 863 1236 892 non
1264 862 1401 908 posse
1428 847 1603 901 tribui,
1648 854 1747 894 tam

191 923 490 969 Muratorius
524 924 726 977 censuit,
768 925 852 984 qui
879 925 1063 986 primus
1088 927 1327 985 quaedam
1353 926 1619 986 specimina
1643 926 1748 988 ejus

186 1001 344 1047 ¹edidit
373 1002 553 1063 Antiq.
571 1003 683 1050 Ital.
709 1004 807 1058 ΙΙΙ,
834 1021 883 1066 p.
911 1006 1006 1052 859
1025 1007 1135 1068 sq.),
1173 1023 1319 1066 quam
1339 1005 1608 1051 Vallarsius
1633 1022 1747 1067 ope-

188 1097 297 1126 rum
310 1082 357 1127 S.
375 1082 666 1145 Hieronymi
685 1084 854 1137 editor,
884 1085 969 1144 qui
988 1086 1130 1146 plura
1149 1086 1295 1132 etiam
1315 1086 1374 1131 de
1393 1102 1448 1131 co
1466 1086 1630 1131 codice
1649 1085 1746 1131 dis-

189 1161 340 1207 seruit
362 1161 424 1222 x*in
438 1162 596 1209 Praef.
617 1165 677 1209 ad
688 1165 1026 1225 Appendicem
1043 1165 1159 1210 tomi
1175 1165 1293 1219 VH,
1310 1182 1359 1226 p.
1376 1167 1502 1211 XX.
1520 1166 1669 1227 XXI]
1697 1170 1746 1211 et

190 1240 493 1287 Columbano
513 1243 915 1289 commentarium
934 1245 1305 1290 adscribendum
1326 1245 1548 1291 credidit.
1578 1245 1744 1303 Atque

189 1320 390 1366 assentit
415 1320 466 1366 in
492 1322 582 1367 hac
607 1339 658 1368 re
684 1324 748 1368 A.
779 1324 969 1385 Peyron
1012 1324 1060 1385 (l.
1091 1341 1132 1369 0.
1162 1341 1211 1384 p.
1252 1325 1375 1377 1891
1418 1323 1583 1370 stilum
1616 1339 1744 1368 com—

190 1400 415 1445 mentarii
453 1409 797 1448 consonantem
831 1420 942 1448 cum
976 1403 1085 1449 stilo
1119 1420 1320 1464 operum
1350 1405 1413 1450 D.
1453 1402 1745 1449 Columbani

189 1479 370 1525 dicens.
437 1480 575 1526 Hace
609 1482 822 1527 virorum
856 1483 1107 1528 doctorum
1149 1483 1347 1529 arbitria
1381 1490 1512 1530 recta
1543 1499 1745 1544 appare-

189 1560 335 1611 bunt,
383 1558 422 1604 si
448 1559 764 1607 conferuntur
796 1578 921 1621 quae
955 1563 1014 1608 de
1040 1563 1343 1610 Columbano
1377 1565 1535 1609 adhuc
1563 1563 1744 1625 juvene

188 1641 278 1684 sub
311 1639 541 1700 magistro
568 1640 728 1687 Silene
762 1641 1022 1703 diligenter
1054 1642 1105 1687 in
1138 1643 1310 1688 studiis
1342 1650 1550 1689 navante
1583 1647 1745 1688 narrat

190 1725 357 1764 auctor
382 1719 528 1765 Vitae
554 1720 657 1782 ejus
685 1721 836 1767 Jonas
861 1721 1114 1767 Bobiensis
1146 1720 1245 1768 fere
1278 1722 1493 1782 aequalis
1529 1720 1736 1782 mabill.

189 1799 318 1843 Acta
334 1798 541 1852 Bened,
566 1815 689 1845 saec.
715 1801 760 1854 2,
789 1801 831 1862 6>
852 1821 859 1847 :
902 1802 1154 1846 “Tantum
1173 1801 1464 1848 Columbani
1482 1802 1532 1847 in
1550 1807 1742 1862 pectore

190 1876 465 1924 divinarum
483 1880 697 1926 thesauri
715 1880 1061 1941 scripturarum
1079 1882 1262 1928 conditi
1279 1883 1584 1933 tenebantur,
1601 1886 1656 1926 ut
1670 1880 1744 1925 in-

189 1962 263 2001 tra
282 1957 634 2006 adolescentiae
656 1966 864 2007 aetatem
884 1963 1109 2009 detentus
1133 1961 1491 2023 psalmorum
1524 1961 1743 2006 librum

191 2035 433 2083 elimato
459 2054 723 2086 sermone
749 2048 1096 2102 exponeret3
1129 2041 1381 2100 multaque
1396 2041 1505 2095 alia,
1529 2056 1652 2100 quae
1668 2039 1744 2084 vel

189 2116 250 2161 ad
275 2123 472 2163 cantum
499 2119 648 2181 digna
673 2120 749 2166 vel
775 2121 835 2167 ad
861 2123 1131 2167 docendum
1153 2120 1316 2174 utilia,
1348 2120 1623 2166 condidit
1656 2118 1744 2164 di—

189 2198 335 2241 cta'‘.
378 2196 571 2244 Horum
598 2216 752 2246 unum
772 2202 831 2247 de
848 2201 1192 2247 commentario
1211 2200 1261 2245 in
1282 2200 1505 2261 psalmos,
1538 2200 1743 2246 alterum

189 2275 248 2319 de
275 2278 587 2324 monostichis
614 2280 718 2342 ejus
743 2281 901 2326 adhuc
927 2282 1231 2327 exstantibus
1260 2280 1320 2341 [p.
1355 2281 1468 2326 921.
1502 2280 1614 2341 922)
1642 2294 1744 2323 car-

189 2354 501 2416 minibusque
520 2358 705 2404 dictum
721 2375 821 2406 esse
840 2361 954 2407 satis
971 2368 1121 2422 patet.
1156 2361 1236 2406 Ab
1252 2359 1552 2419 Hieronymo
1567 2357 1743 2418 scripta

190 2435 425 2492 quaedam
451 2436 502 2483 in
526 2438 695 2498 primis
721 2439 897 2485 codicis
916 2440 1107 2501 paginis
1127 2437 1403 2500 praemissa,
1435 2436 1604 2499 glossis
1623 2437 1741 2482 item

189 2514 451 2561 hibernicis
470 2516 720 2571 instructa,
753 2535 896 2564 causa
915 2519 1096 2564 fuerint
1115 2517 1260 2564 etiam
1282 2515 1630 2567 commentarii,
1657 2514 1742 2574 qui

189 2593 362 2655 incipit
387 2612 415 2641 a
438 2594 554 2642 folio
587 2595 661 2649 14,
693 2597 738 2642 ei
763 2598 1084 2644 adscribendi.

325 2675 444 2737 Ejus
469 2677 802 2722 commentarii
838 2677 1075 2723 enarratio
1111 2676 1256 2737 primi
1280 2675 1453 2736 psalmi
1479 2691 1587 2720 cum
1615 2674 1741 2735 glos—

190 2752 252 2798 sis
286 2754 383 2800 suis
420 2756 683 2802 hibernicis
720 2757 939 2817 sequitur
972 2757 1023 2802 in
1060 2756 1343 2817 appendice.
1410 2755 1472 2823 In
1495 2755 1740 2799 reddendo

192 2839 329 2879 textu
343 2834 510 2889 latino,
542 2852 688 2896 quem
707 2835 898 2882 nonnisi
922 2836 971 2881 in
996 2835 1215 2897 glossatis
1232 2835 1348 2881 locis
1373 2834 1734 2894 exscripseram,
